3350 5059
1352 356 1789 418 -21-

613 535 949 597 Praeterea
992 538 1190 596 totam
1238 531 1400 596 hanc
1445 535 2073 616 argumentationem,
2123 554 2261 598 cum
2296 534 2530 598 Donati
2576 554 2741 597 com-

399 637 746 702 mentarius
791 644 919 701 tam
961 638 1350 722 depravatus
1395 660 1601 722 neque
1646 640 1855 705 adhuc
1895 647 2207 723 apparatu
2238 640 2451 705 critico
2482 640 2742 705 instruc-

398 751 500 808 tus
545 744 645 826 sit,
694 744 1181 810 audacissimam
1213 765 1348 810 esse
1379 745 1716 830 Umpfenb.
1750 746 1885 829 ipse
1917 745 2167 827 fatetur,
2200 745 2429 813 Philol.
2461 746 2738 811 XXXII.

398 870 461 934 p.
511 851 642 917 443
689 851 849 917 11660
892 851 1134 919 dicens:

614 994 781 1077 „Die
836 996 903 1060 in
959 994 1072 1060 der
1116 995 1395 1060 Vorrede
1449 1015 1526 1060 zu
1580 994 1821 1060 meiner
1876 996 2175 1078 Ausgabe
2242 995 2567 1079 gegebene
2624 996 2742 1060 Be-

401 1101 762 1185 stimmung,
809 1102 957 1167 dass
1002 1101 1107 1167 die
1138 1101 1624 1167 Urhandschrift
1661 1122 1787 1168 von
1820 1104 1983 1169 De.
2017 1102 2371 1187 gleichfalls
2418 1102 2530 1168 der
2560 1104 2635 1167 R.
2670 1102 2739 1167 G.

401 1207 766 1291 angeh'orte,
815 1208 969 1273 aber
1013 1228 1128 1272 aus
1173 1208 1348 1273 einer
1394 1207 1538 1272 dem
1570 1210 1913 1274 Bembinus
1958 1209 2124 1274 nahe
2165 1210 2573 1275 verwandten
2612 1209 2743 1274 und

403 1314 520 1378 mit
574 1314 1066 1380 Donatscholien
1120 1314 1694 1380 durchschossenen
1751 1316 2164 1383 Handschrift
2222 1316 2744 1400 durchgebessert

401 1440 556 1503 war,
616 1420 841 1486 beruht
896 1420 1210 1486 naturlich
1268 1420 1386 1486 auf
1435 1422 1608 1487 einer
1652 1443 1780 1488 von
1836 1424 1957 1488 mir
2009 1442 2579 1507 vorgenommenen
2625 1425 2745 1488 Zu-

404 1528 958 1611 sammenstellung
974 1530 1017 1607 ¹)
1066 1528 1222 1593 aller
1267 1528 1522 1612 Stellen,
1569 1548 1670 1594 wo
1734 1532 1789 1595 1.
1837 1531 1999 1595 D.Gr.
2047 1530 2165 1595 mit
2203 1529 2547 1614 Galliopius
2593 1529 2747 1595 oder

409 1635 472 1698 2.
519 1634 637 1697 mit
681 1634 757 1699 A.
805 1635 1097 1700 stimmen
1151 1635 1304 1700 oder
1380 1636 1440 1700 3.
1488 1636 1590 1701 fur
1643 1637 1780 1701 sich
1826 1637 2264 1720 alleinstehen3
2343 1636 2461 1701 auf
2507 1636 2747 1701 welche

409 1739 614 1805 dieser
659 1740 700 1803 3
745 1739 960 1807 Seiten
996 1740 1310 1826 jedesmal
1355 1742 1470 1807 das
1516 1743 1824 1827 Zeugniss
1869 1744 2173 1826 Donatus,
2228 1743 2451 1808 soweit
2494 1762 2563 1808 er
2606 1762 2746 1808 vor-

407 1845 658 1912 handen
703 1847 802 1930 ist,
862 1848 996 1913 sich
1049 1848 1237 1914 stellt.
1328 1848 1534 1914 Aber
1589 1850 1919 1915 freilich
1974 1869 2300 1915 unseres
2357 1852 2742 1932 Donatus,

405 1952 522 2018 als
591 1954 873 2019 dessen
942 1955 1213 2020 besten
1280 1957 1480 2021 Text
1543 1956 1689 2020 wir
1756 1956 1901 2020 den
1979 1956 2114 2021 der
2192 1955 2301 2021 ed.
2373 1956 2745 2039 princeps

406 2056 590 2147 [Rom
657 2058 850 2147 1477]
922 2080 1010 2125 zu
1079 2062 1466 2127 benutzen
1534 2082 2017 2146 gezwungen
2086 2062 2293 2127 sind:
2388 2063 2491 2127 ein
2558 2064 2742 2145 Text,

403 2167 594 2231 fiber
652 2166 935 2232 dessen
990 2168 1258 2252 lang-st
1313 2168 1701 2234 erkannte
1744 2168 2299 2235 Verderbtheit
2350 2190 2502 2234 nun
2549 2170 2747 2235 auch

405 2272 535 2337 die
591 2272 666 2337 in
724 2273 1020 2339 meiner
1062 2275 1363 2359 Ausgabe
1405 2276 1866 2341 verwertheten
1923 2276 2229 2359 pariser
2274 2276 2747 2359 Fragmente

406 2376 491 2467 [p.
538 2376 680 2469 XL]
730 2380 1194 2446 authentisches
1240 2382 1541 2467 Zeugniss
1587 2383 1917 2467 ablegen“.

618 2522 747 2589 Sed
791 2522 1140 2606 videamus,
1190 2524 1344 2607 quid
1387 2525 1570 2591 nohis
1615 2524 1913 2589 Arusiaui
1970 2525 2263 2609 exempla
2320 2525 2405 2592 ad
2448 2526 2745 2609 Umpfen-

403 2629 613 2695 bachii
659 2629 1034 2709 sententiam
1080 2631 1480 2697 refutandam
1510 2630 1877 2715 praebeant.
1948 2633 2183 2698 Donati
2213 2632 2407 2715 igitur
2438 2651 2746 2697 commen-

403 2736 604 2803 tarius
649 2744 899 2803 centum
944 2745 1007 2803 et
1052 2739 1476 2822 quadraginta
1520 2758 1633 2803 sex
1677 2740 1833 2805 locis
1876 2745 1985 2804 aut
2014 2739 2239 2804 eadem
2271 2738 2525 2803 exhibet
2554 2744 2745 2820 atque

404 2843 802 2910 Victorianus
849 2851 912 2910 et
956 2865 1172 2912 omnes
1217 2846 1361 2911 libri
1417 2846 1827 2929 manuscripti
1885 2852 1996 2910 aut
2052 2852 2218 2910 certe
2275 2844 2497 2909 eadem
2556 2852 2747 2926 atque
2858 2856 2871 2874 “
2922 2824 2929 2833 ’

410 2950 804 3017 Victorianus
849 2958 914 3017 et
957 2952 1160 3018 altera
1207 2952 1490 3018 codicum
1536 2953 1786 3017 familia
1830 2958 1940 3017 aut
1969 2951 2205 3017 Donati
2250 2952 2446 3017 verba
2491 2951 2745 3015 omnino

414 3074 537 3123 non
577 3064 726 3125 sunt
769 3065 1039 3125 servata.
1119 3059 1292 3137 Quos
1323 3078 1540 3125 omnes
1568 3060 1741 3125 locos
1768 3058 1928 3123 nihil
1956 3059 2171 3124 valere
2200 3058 2601 3142 perspicuum
2633 3063 2746 3123 est.

617 3202 882 3266 Restant
936 3202 1234 3286 viginti
1300 3208 1600 3287 septem
1669 3202 1991 3285 exempla,
2062 3220 2324 3283 quorum
2386 3221 2615 3267 unum
2673 3206 2749 3265 et

406 3305 699 3389 viginti
744 3307 1144 3375 Victorianus
1189 3330 1316 3375 non
1361 3310 1453 3375 sic
1497 3316 1567 3375 ut
1610 3311 1898 3375 Donatus
1945 3307 2230 3391 exhibet3

402 3447 538 3514 Ad.
570 3449 676 3532 11.,
725 3451 786 3533 3,
835 3452 907 3534 93
954 3451 1092 3534 ΙΙΙ.,
1143 3452 1203 3535 2,
1250 3452 1367 3535 46;
1415 3453 1553 3535 ΙΠ.,
1601 3452 1665 3535 4,
1722 3453 1833 3534 18;
1879 3450 2011 3533 IV.,
2061 3450 2121 3533 2,
2173 3450 2287 3533 24;
2337 3450 2465 3533 IV.,
2514 3450 2576 3533 5,
2626 3450 2753 3534 323

617 3555 748 3639 IV.,
797 3558 858 3640 5,
912 3558 1025 3641 783
1079 3557 1174 3641 V.,
1225 3558 1284 3641 2,
1341 3560 1453 3641 113
1501 3558 1600 3640 V.,
1651 3558 1713 3639 8,
1762 3558 1868 3621 26.

407 3677 595 3744 And.
653 3681 812 3765 prol.
881 3682 947 3763 1,
1009 3681 1083 3763 5,
1150 3681 1252 3745 14.
1301 3718 1385 3728 —
1433 3681 1506 3763 Ι.,
1574 3682 1640 3763 1,
1705 3680 1819 3763 79;
1889 3680 2006 3762 ΙΙ.,
2074 3683 2138 3763 1,
2189 3681 2260 3764 2;
2330 3681 2435 3763 ΙΙ,
2498 3679 2570 3763 5,
2636 3680 2748 3765 12;

617 3785 715 3869 V.,
764 3786 825 3869 5,
875 3785 936 3853 5.

406 3909 593 3975 Eun.
639 3912 713 3994 Ι.,
765 3911 824 3994 2,
874 3911 991 3995 51;
1040 3911 1147 3978 52.
1196 3949 1280 3962 ——
1327 3913 1465 3995 ΙΙΙ.,
1515 3915 1576 3995 5,
1628 3910 1744 3994 51,
1792 3911 1890 3994 V.,
1940 3910 2001 3993 2,
2048 3912 2157 3976 44.

406 4016 698 4083 Phorm.
747 4017 845 4100 V.,
894 4018 955 4101 9,
1005 4020 1122 4102 293
1171 4020 1279 4084 37.

619 4142 765 4207 Jam
834 4140 926 4207 du
945 4142 1133 4207 obus
1199 4141 1384 4224 locis,
1453 4143 1558 4207 ubi
1602 4141 2002 4207 Victorianus
2059 4144 2378 4211 Donatum
2446 4142 2747 4229 sequitur,

404 4248 756 4315 Arusianus
803 4248 1070 4314 eandem
1115 4248 1489 4332 scripturam
1534 4250 1797 4331 praebet
1841 4254 2031 4330 atque
2075 4249 2200 4314 illi:

625 4462 662 4527 ¹)
733 4462 796 4519 U.
835 4464 976 4521 hanc
1009 4466 1296 4522 lectionum
1332 4465 1672 4520 collationem
1708 4480 1818 4521 non
1854 4464 2039 4523 edidit.
