3350 5059
1539 354 1981 421 -50..

594 536 703 621 qui
747 535 1198 620 spectatoribus
1243 554 1344 600 res
1387 552 1533 599 suas
1578 533 1983 617 amplissimis
2026 533 2234 599 verbis
2278 538 2546 614 enarrat,
2594 530 2660 595 hi
2700 547 2921 596 versus

593 650 761 709 recte
803 643 993 711 tribui
1038 660 1221 727 posse
1263 639 1573 707 videntur.

806 785 983 850 Idem
1027 785 1199 849 valet
1226 783 1322 876 ‚de
1367 802 1470 848 vv.
1521 782 1606 846 38
1652 787 1718 846 et
1762 782 1878 845 39:

911 906 1163 993 „Nolite
1208 906 1412 971 sinere
1456 924 1569 988 per
1612 922 1729 968 vos
1774 909 1973 968 artem
2018 904 2317 969 musicam

910 1013 1213 1080 Recidere
1259 1010 1342 1077 ad
1385 1011 1687 1096 paucos.“

804 1140 968 1205 Nam
1025 1143 1222 1201 artem
1279 1135 1581 1199 musicam
1639 1132 1723 1198 ad
1777 1152 2013 1217 paucos
2066 1131 2346 1199 recidere
2398 1132 2692 1199 Terentio
2749 1132 2923 1198 haud

596 1246 935 1311 admodum
982 1249 1116 1309 erat
1160 1239 1514 1329 dolendum,
1573 1238 1909 1304 dummodo
1956 1239 2093 1322 ipse
2147 1241 2215 1306 in
2269 1260 2526 1305 numero
2581 1259 2923 1323 paucorum

597 1360 778 1419 esset.
847 1350 1141 1416 Ambivio
1173 1354 1381 1412 autem
1411 1347 1480 1412 id
1509 1366 1634 1412 non
1665 1344 2010 1429 optandum
2041 1352 2191 1430 erat,
2227 1346 2397 1429 quod
2426 1353 2557 1412 tum
2589 1346 2646 1411 ei
2678 1346 2923 1411 occasio

596 1478 838 1525 novas
884 1455 1132 1522 fabulas
1177 1454 1408 1538 agendi
1454 1473 1595 1518 raro
1641 1452 1929 1519 dabatur.

806 1586 1193 1649 Postremum
1238 1597 1343 1643 vv.
1389 1578 1654 1641 47-49
1702 1577 2137 1659 inspiciamus:

913 1687 1100 1770 „Mea
1143 1704 1334 1749 causa
1377 1702 1631 1748 causam
1677 1682 1942 1766 accipite
1988 1688 2051 1747 et
2095 1682 2242 1746 date
2287 1682 2623 1767 silentium,

911 1794 1000 1858 Ut
1041 1792 1311 1856 lubeat
1355 1789 1706 1855 scribere
1752 1789 1940 1853 aliis
1984 1788 2264 1870 mihique
2307 1794 2378 1854 ut
2421 1788 2661 1854 discere

913 1899 1127 1964 Novas
1174 1896 1473 1980 expediat
1513 1896 1777 1979 posthac
1820 1894 2022 1979 pretio
2071 1901 2313 1981 emptas
2356 1896 2565 1961 meo.“

807 2023 1101 2089 Terentio
1147 2022 1442 2087 nimirum
1489 2018 1823 2084 dicendum
1868 2024 2006 2083 erat
2047 2039 2174 2084 non
2230 2025 2343 2103 „ut
2385 2019 2599 2085 lubeat
2655 2020 2927 2085 scribere

597 2131 801 2214 aliis“‚
850 2129 962 2195 sed
1008 2134 1120 2213 „ut
1163 2134 1388 2217 poetae
1430 2127 1647 2191 lubeat
1690 2126 1961 2191 scribere
2006 2126 2231 2209 alias“‚
2280 2126 2440 2191 sicut
2484 2126 2551 2191 in
2581 2125 2707 2191 fine
2736 2125 2925 2192 Adel-

596 2237 768 2321 phon
811 2235 1088 2321 prologi:

901 2362 1191 2441 „Poetae
1236 2356 1322 2423 ad
1366 2354 1758 2421 scribendum
1805 2361 2036 2439 augeat
2080 2354 2519 2421 industriam.“

810 2484 974 2549 Nam
1004 2480 1260 2547 Terenti
1305 2485 1472 2545 certe
1514 2498 1642 2543 non
1686 2479 1948 2546 multum
1990 2479 2290 2547 intererat
2329 2480 2630 2565 populum
2663 2480 2927 2545 aliorum

597 2589 849 2655 fabulas
879 2595 1164 2673 spectare
1195 2592 1259 2651 et
1286 2588 1572 2670 probare,
1615 2585 1707 2649 ita
1738 2593 1807 2649 ut
1836 2585 1961 2650 illis
1994 2585 2346 2667 „industria
2374 2587 2457 2651 ad
2487 2585 2926 2655 scribendum“

599 2702 962 2779 augeretur3
1021 2691 1134 2757 sed
1179 2691 1473 2758 Ambivio
1519 2690 1639 2754 hoc
1682 2690 1871 2756 valde
1916 2691 2260 2776 optandum
2307 2699 2459 2758 erat.
2551 2692 2690 2757 Hac
2734 2691 2927 2775 igitur

601 2824 680 2867 ex
735 2822 804 2866 re
859 2798 1241 2881 intellegitur
1285 2796 1651 2861 Ambivium
1720 2797 1911 2864 etiam
1978 2797 2093 2863 hos
2158 2817 2375 2864 versus
2442 2797 2783 2881 scripsisse.
2840 2833 2927 2843 --

598 2907 920 2973 Bentleius
964 2912 1176 2971 autem
1220 2903 1467 2987 scripsit
1510 2923 1624 2989 pro
1670 2903 1901 2988 ,‚aliis“
1946 2924 2085 2971 cum
2130 2905 2335 2988 prima
2366 2925 2555 2970 manu
2584 2902 2929 2970 Victoriani

600 3014 833 3079 codicis
878 3012 1145 3095 ‚‚alias“.
1223 3008 1350 3075 Sed
1395 3029 1520 3074 non
1567 3016 1661 3075 est
1706 3029 1815 3073 cur
1843 3010 2132 3075 Bembini
2178 3010 2410 3077 codicis
2456 3017 2520 3076 et
2547 3010 2928 3092 reliquorum

596 3121 897 3187 librorum
938 3116 1307 3183 auctoritate
1347 3115 1709 3199 posthabita
1749 3116 2102 3182 Bentleium
2144 3135 2496 3199 sequamur.
2594 3120 2931 3185 Praeterea

599 3224 954 3311 pronomini
998 3221 1310 3308 personali
1356 3220 1598 3303 „mihi“
1643 3221 1747 3285 hic
1792 3221 2043 3303 quidem
2088 3222 2280 3287 aliam
2309 3223 2412 3288 vel
2442 3223 2601 3287 alias
2630 3240 2930 3307 personas

600 3329 1006 3418 opponendas
1051 3347 1186 3393 esse
1242 3346 1424 3391 nemo
1481 3346 1608 3392 non
1651 3326 1846 3393 videt.
1893 3365 1980 3374 —
2026 3328 2388 3394 Retinemus
2442 3328 2636 3413 igitur
2691 3328 2929 3411 optimo

592 3438 736 3524 jure
781 3438 1152 3521 scripturam
1197 3432 1445 3518 ‚,aliis“.

815 3561 1133 3639 Quaecum
1167 3558 1258 3623 ita
1289 3557 1432 3641 sint,
1468 3558 1794 3640 probabile
1823 3565 1913 3623 est
1934 3559 2296 3635 Ambivium
2321 3560 2705 3644 Turpionem
2738 3558 2930 3624 etiam

600 3669 766 3735 hunc
833 3668 1097 3731 alterum
1163 3665 1494 3747 prologum
1563 3664 2021 3748 conscripsisse.
2144 3665 2348 3743 Quam
2414 3667 2677 3731 verbose
2749 3664 2931 3731 nobis

603 3779 853 3840 enarrat
896 3774 964 3837 se
995 3771 1458 3837 adulescentem
1499 3768 1749 3835 fabulas
1778 3770 2036 3836 Caecilii
2080 3772 2302 3855 egisse,
2353 3777 2588 3855 quanta
2616 3772 2931 3855 gravitate

602 3880 1024 3948 innocentiam
1069 3897 1249 3943 suam
1293 3883 1355 3941 et
1399 3876 1831 3942 auctoritatem
1878 3878 2073 3943 oculis
2116 3877 2345 3943 nostris
2388 3878 2710 3962 proponit!
2769 3877 2930 3947 Toto

602 3988 670 4052 in
713 3987 973 4070 prologo
1020 4004 1162 4049 eum
1207 3981 1494 4048 videmus
1539 3982 1721 4064 quasi
1765 3988 2090 4065 poetarum
2134 3983 2443 4049 fautorem
2489 4003 2557 4049 se
2596 3984 2925 4067 praebere3
2960 4060 2972 4070 ·
3040 4011 3051 4021 ·

603 4094 717 4160 sed
744 4092 941 4158 nihilo
973 4092 1177 4155 minus
1205 4090 1272 4154 in
1302 4089 1547 4173 prologi
1571 4087 1697 4152 fine
1725 4089 2119 4155 innocentiae
2140 4109 2292 4156 suae
2316 4097 2503 4155 antea
2533 4087 2615 4176 [v.
2640 4085 2927 4176 41—-43]

603 4200 790 4266 valde
837 4196 1227 4264 collaudatae
1250 4232 1338 4241 -—-
1357 4193 1512 4278 quid
1556 4195 1781 4259 mirum
1794 4196 1828 4261 ‘?
1858 4233 1945 4242 —
1984 4214 2238 4280 prorsus
2269 4196 2655 4262 obliviscitur
2685 4195 2929 4261 dicens:

1766 4319 2091 4403 „Mihique
2134 4326 2205 4386 ut
2248 4320 2490 4387 discere

814 4429 1029 4495 Novas
1074 4426 1373 4511 expediat
1416 4425 1678 4508 posthac
1721 4426 1925 4510 pretio
1980 4431 2278 4511 emptas
2333 4427 2550 4493 meo“
2567 4427 2581 4491 1
