3350 5059
1324 346 1763 411 -33—

377 524 500 589 nisi
554 523 1001 589 dubitanter
1059 524 1405 590 attulisse“.
1457 560 1543 569 —-
1589 525 1854 607 Scripsit
1899 526 2065 590 enim
2111 526 2428 591 Donatus:
2506 526 2713 610 „hanc

380 628 644 699 dicunt
690 629 962 696 secundo
1015 630 1152 695 loco
1208 633 1477 697 actam“.

591 754 718 819 Sed
765 776 844 819 ex
874 753 1208 837 Adelphon
1255 755 1445 819 etiam
1489 756 1734 839 prologi
1781 764 2149 840 argumento
2195 757 2476 841 intellegi
2506 764 2714 841 potest

340 861 564 927 'huius
631 861 888 927 fabulae
941 850 1220 945 *primam
1291 864 1601 927 actionem
1667 882 1793 927 non
1862 863 2290 927 collocandam
2358 883 2495 929 esse
2562 870 2710 929 ante

381 969 1173 1034 Heautontimorumenum.
1265 969 1429 1034 Nam
1474 969 1526 1034 si
1575 986 1713 1034 eam
1761 970 2133 1034 sententiam
2188 970 2525 1053 sequimur,
2583 991 2712 1036 non

381 1076 783 1159 intellegitur,
843 1095 969 1157 qua
1025 1074 1106 1141 de
1162 1096 1352 1141 causa
1405 1076 1736 1141 Ambivius
1792 1076 2060 1159 Turpi0,
2133 1075 2423 1141 dominus
2478 1078 2711 1161 gregis,

382 1188 528 1247 ante
571 1181 1259 1247 Heautontimorumeni
1307 1181 1558 1247 demum
1604 1182 1914 1248 actionem
1967 1183 2211 1266 prologi
2258 1190 2469 1265 partes
2513 1204 2715 1250 susce-

381 1290 562 1371 perit,
623 1290 857 1372 quippe
912 1308 1069 1371 quas
1125 1288 1191 1352 in
1249 1288 1556 1373 Adelphis
1613 1289 1808 1353 multo
1866 1289 2075 1373 aptius
2130 1290 2521 1372 suscepisset.
2613 1291 2714 1354 Ex

382 1382 1100 1461 Heautontimorumeni
1133 1396 1300 1459 enim
1367 1396 1629 1479 prologo
1688 1396 1962 1460 dilucide
2030 1403 2297 1480 apparet
2350 1397 2715 1463 Ambivium

384 1501 500 1566 has
543 1509 773 1585 parteS,
823 1522 980 1585 quas
1027 1502 1188 1567 alius
1233 1508 1406 1566 actor
1451 1502 1818 1568 adulescens
1863 1504 2178 1586 suscipere
2224 1503 2482 1587 solebat,
2532 1524 2715 1588 prop-

380 1614 555 1673 terea
599 1610 965 1693 suscepisse,
1014 1607 1183 1691 quod
1213 1609 1465 1692 Hecyra
1508 1610 1698 1692 paulo
1731 1616 1877 1673 ante
1926 1606 2005 1695 [a.
2042 1607 2194 1696 589]
2244 1616 2467 1675 exacta
2510 1630 2715 1693 neque

379 1716 613 1799 populo
668 1716 936 1799 probata
995 1722 1161 1798 erat,
1221 1716 1550 1781 Ambivius
1607 1722 1816 1780 autem
1876 1716 2013 1799 ipse
2065 1722 2319 1800 poetam
2378 1716 2442 1781 in
2497 1716 2714 1800 populi

381 1822 652 1904 gratiam
699 1823 1022 1887 restituere
1067 1823 1372 1887 studebat.
1412 1861 1493 1869 -—
1537 1822 1775 1899 Quodsi
1822 1822 2149 1906 Adelphoe
2194 1822 2355 1887 inter
2369 1829 2383 1843 ‘
2400 1823 2716 1905 Hecyram

383 1935 447 1992 et
490 1928 1261 1994 Heautontimorumenum
1307 1936 1449 1993 acta
1494 1936 1674 2011 esset,
1709 1929 2005 1994 Ambivio
2051 1929 2186 1993 sine
2232 1928 2423 1993 dubio
2468 1930 2715 2013 prologi
2818 1954 2837 1969 ·

381 2040 593 2117 partes
639 2041 785 2099 ante
830 2035 1164 2118 Adelphon
1210 2036 1516 2101 actionem
1563 2035 1999 2119 suscipiendae
2046 2040 2241 2101 erant.

593 2164 930 2227 Praeterea
972 2159 1306 2243 Adelphon
1351 2162 1650 2244 prologus
1705 2160 1867 2225 inter
1911 2158 2192 2223 Andriae
2238 2165 2300 2223 et
2343 2159 2717 2225 Heautonti-

381 2267 729 2331 morumeni
787 2266 1117 2350 prologum
1175 2287 1252 2331 ea
1307 2265 1388 2331 de
1444 2286 1634 2331 causa
1690 2286 1816 2330 non
1871 2266 2198 2349 ponendus
2255 2271 2366 2347 est,
2426 2266 2594 2347 quod
2650 2267 2717 2331 in

382 2372 508 2436 illis
561 2373 841 2457 prologis
894 2373 1224 2439 Terentius
1291 2372 1466 2455 illud,
1525 2373 1695 2454 quod
1752 2372 2099 2439 adversarii
2157 2372 2713 2459 reprehendebant,

385 2499 526 2543 eum
573 2479 821 2544 fabulas
867 2479 1325 2544 contaminasse
1368 2479 1620 2562 refutat,
1681 2481 1747 2543 in
1804 2485 2014 2544 nostro
2069 2486 2278 2543 autem
2331 2480 2593 2563 prologo
2650 2500 2718 2545 se

385 2585 666 2652 defendit
709 2608 749 2650 a
773 2606 962 2657 ‚nova
1007 2586 1420 2667 accusatione,
1481 2586 1650 2669 quod
1695 2586 1930 2651 furtum
1989 2586 2427 2669 commisisset3
2500 2606 2715 2668 quam-

299 2731 304 2735 ·
387 2712 576 2774 quam
606 2691 763 2757 illud
794 2691 1261 2757 contaminandi
1285 2694 1636 2758 convicium
1658 2693 1726 2757 in
1750 2692 1871 2757 hac
1893 2692 2129 2775 fabula,
2164 2693 2421 2758 minime
2446 2693 2713 2777 integra,

387 2799 580 2863 multo
627 2800 836 2864 minus
880 2799 1504 2883 praetermittendum
1561 2800 1620 2865 ei
1677 2805 1831 2881 erat,
1893 2819 2081 2882 quam
2136 2798 2203 2863 in
2246 2798 2718 2864 Heautontimo-

394 2924 662 2988 rumen0,
711 2906 927 2971 fabula
971 2926 1096 2971 non
1143 2907 1583 2987 contaminata,
1644 2906 1750 2970 ubi
1797 2914 2007 2969 tamen
2054 2903 2133 2968 de
2191 2906 2720 2971 contaminatione

399 3012 586 3076 multa
638 3012 834 3077 verba
888 3012 1058 3077 facit.
1107 3050 1193 3057 —
1247 3011 1403 3076 Inde
1458 3012 1669 3093 colligi
1723 3017 1947 3095 potest,
2006 3010 2287 3075 Andriae
2343 3012 2595 3093 quidem
2655 3018 2717 3077 et

398 3117 1075 3185 Heautontimorumeni
1109 3119 1402 3202 prologos
1435 3117 1671 3183 eisdem
1702 3117 1833 3182 fere
1865 3117 2245 3199 temporibus
2268 3119 2531 3200 scriptos
2563 3138 2717 3201 esse,

394 3230 520 3288 tum
544 3245 684 3290 cum
706 3226 968 3291 Luscius
992 3232 1245 3309 poetam
1273 3231 1528 3308 propter
1552 3224 2149 3288 contaminationem
2179 3224 2535 3289 fabularum
2557 3225 2719 3289 vitu-

386 3333 669 3415 perabat,
718 3331 1052 3415 Adelphon
1091 3339 1307 3397 'autem
1349 3332 1678 3415 prologum
1722 3332 2065 3413 posteriore
2106 3329 2375 3412 quodam
2419 3337 2718 3413 tempore.

600 3455 842 3521 Eadem
889 3475 1078 3520 causa
1117 3456 1535 3539 prohibemur,
1582 3476 1662 3520 ne
1696 3475 1836 3520 cum
1865 3455 2367 3522 Paeckelmanno
2398 3454 2722 3538 Adelphos

387 3569 536 3627 ante
589 3564 877 3647 Hecyrae
934 3562 1202 3646 primam
1257 3562 1567 3627 actionem
1627 3581 1954 3644 ponamus,
2058 3561 2185 3628 Sed
2252 3581 2373 3643 quo
2440 3568 2722 3645 tempore

389 3668 608 3734 fabula
651 3670 921 3753 primum
967 3674 1110 3734 acta
1156 3670 1293 3733 est‘?
1360 3668 1442 3733 Ni
1488 3667 1692 3749 fallor,
1742 3667 1903 3731 inter
1948 3668 2723 3733 Heautontimorumenum

388 3782 454 3841 et
507 3776 905 3859 Eunuchum,
977 3767 1146 3858 quo'd
1202 3775 1629 3840 demonstrare
1698 3794 1863 3837 nunc
1930 3773 2212 3839 studebo.
2316 3775 2539 3857 Itaque
2608 3794 2723 3841 eae

387 3881 644 3946 fabulae
676 3881 911 3947 eisdem
943 3883 1076 3947 fere
1106 3883 1488 3966 temporibus
1521 3888 1700 3945 actae
1732 3900 1867 3945 esse
1898 3880 2217 3963 putandae
2248 3888 2408 3963 sunt,
2458 3901 2723 3963 quarum

387 3988 456 4052 in
512 3988 788 4071 prologis
845 3995 1034 4071 poeta
1089 3989 1168 4053 ab
1225 3989 1445 4055 eodem
1490 3987 1701 4053 Luscii
1760 3989 1985 4071 probro
2042 4005 2109 4051 se
2164 3985 2462 4052 defendit.
2557 3989 2722 4053 Nam

388 4101 462 4159 ut
507 4116 585 4160 ex
631 4093 913 4160 convicio
953 4094 1080 4176 illo,
1131 4096 1299 4177 quod
1339 4102 1401 4160 et
1430 4096 1496 4159 in
1527 4094 1807 4159 Andriae
1838 4100 1902 4158 et
1932 4094 1998 4157 in
2028 4094 2719 4158 Heautontimorumeni

388 4201 651 4284 prologo
699 4200 1034 4283 invenitur,
1083 4200 1366 4266 concludi
1413 4202 1634 4284 potuit,
1693 4201 1809 4265 has
1855 4198 2103 4264 fabulas
2151 4204 2324 4263 actas
2371 4219 2507 4263 esse
2553 4197 2723 4263 haud

389 4308 581 4391 longo
639 4307 936 4391 temporis
1002 4306 1207 4389 spatio
1274 4308 1672 4390 interpositO,
1747 4308 1836 4371 sic
1905 4306 2096 4369 etiam
2164 4305 2563 4369 statuendum
2632 4311 2727 4369 est

394 4414 1166 4481 Heautontimorumenum
1211 4419 1274 4478 et
1319 4411 1642 4495 Adelphos
1698 4413 1764 4475 in
1821 4429 2073 4477 scenam
2119 4410 2301 4475 datas
2348 4430 2482 4475 esse
2534 4430 2722 4474 unam

2299 4540 2331 4590 3
