<?xml version="1.0" encoding="UTF-8"?>
<!DOCTYPE html PUBLIC "-//W3C//DTD XHTML 1.0 Transitional//EN"
    "http://www.w3.org/TR/xhtml1/DTD/xhtml1-transitional.dtd">
<html xmlns="http://www.w3.org/1999/xhtml" xml:lang="en" lang="en">
 <head>
  <title>
</title>
<meta http-equiv="Content-Type" content="text/html;charset=utf-8" />
  <meta name='ocr-system' content='tesseract 3.04.00' />
  <meta name='ocr-capabilities' content='ocr_page ocr_carea ocr_par ocr_line ocrx_word'/>
</head>
<body>
  <div class='ocr_page' id='page_1' title='image "./observationescr01schigoog_0052.png"; bbox 0 0 3350 5059; ppageno 0'>
   <div class='ocr_carea' id='block_1_1' title="bbox 1569 342 1997 407">
    <p class='ocr_par' dir='ltr' id='par_1_1' title="bbox 1569 342 1997 407">
     <span class='ocr_line' id='line_1_1' title="bbox 1569 342 1997 407; baseline -0.002 -17"><span class='ocrx_word' id='word_1_1' title='bbox 1569 342 1997 407; x_wconf 57' lang='lat'>„43-</span> 
     </span>
    </p>
   </div>
   <div class='ocr_carea' id='block_1_2' title="bbox 613 519 3045 923">
    <p class='ocr_par' dir='ltr' id='par_1_2' title="bbox 613 519 2941 711">
     <span class='ocr_line' id='line_1_2' title="bbox 613 519 2941 605; baseline 0 -20"><span class='ocrx_word' id='word_1_2' title='bbox 613 521 779 585; x_wconf 90' lang='lat' dir='ltr'>Hec.</span> <span class='ocrx_word' id='word_1_3' title='bbox 813 519 972 604; x_wconf 87' lang='lat' dir='ltr'>prol.</span> <span class='ocrx_word' id='word_1_4' title='bbox 1003 541 1064 587; x_wconf 79' lang='lat' dir='ltr'>v,</span> <span class='ocrx_word' id='word_1_5' title='bbox 1099 521 1169 584; x_wconf 83' lang='lat'>2:</span> <span class='ocrx_word' id='word_1_6' title='bbox 1218 520 1462 604; x_wconf 84' lang='lat' dir='ltr'>„Sinite</span> <span class='ocrx_word' id='word_1_7' title='bbox 1508 526 1799 585; x_wconf 83' lang='lat' dir='ltr'>exorator</span> <span class='ocrx_word' id='word_1_8' title='bbox 1844 521 1981 603; x_wconf 87' lang='lat' dir='ltr'>sim,</span> <span class='ocrx_word' id='word_1_9' title='bbox 2032 521 2253 586; x_wconf 91' lang='lat' dir='ltr'>eodem</span> <span class='ocrx_word' id='word_1_10' title='bbox 2305 527 2371 585; x_wconf 92' lang='lat' dir='ltr'>ut</span> <span class='ocrx_word' id='word_1_11' title='bbox 2405 520 2549 605; x_wconf 86' lang='lat' dir='ltr'>jure</span> <span class='ocrx_word' id='word_1_12' title='bbox 2592 521 2684 586; x_wconf 92' lang='lat' dir='ltr'>uti</span> <span class='ocrx_word' id='word_1_13' title='bbox 2730 541 2941 587; x_wconf 88' lang='lat' dir='ltr'>senem</span> 
     </span>
     <span class='ocr_line' id='line_1_3' title="bbox 1217 625 2751 711; baseline 0.001 -21"><span class='ocrx_word' id='word_1_14' title='bbox 1217 626 1451 709; x_wconf 85' lang='lat' dir='ltr'>Liceat,</span> <span class='ocrx_word' id='word_1_15' title='bbox 1501 646 1624 709; x_wconf 89' lang='lat' dir='ltr'>quo</span> <span class='ocrx_word' id='word_1_16' title='bbox 1662 625 1807 711; x_wconf 87' lang='lat' dir='ltr'>jure</span> <span class='ocrx_word' id='word_1_17' title='bbox 1852 646 2001 693; x_wconf 87' lang='lat' dir='ltr'>usus</span> <span class='ocrx_word' id='word_1_18' title='bbox 2045 646 2183 692; x_wconf 89' lang='lat' dir='ltr'>sum</span> <span class='ocrx_word' id='word_1_19' title='bbox 2229 628 2751 711; x_wconf 85' lang='lat' dir='ltr'>adulescentior.“</span> 
     </span>
    </p>

    <p class='ocr_par' dir='ltr' id='par_1_3' title="bbox 613 733 3045 819">
     <span class='ocr_line' id='line_1_4' title="bbox 613 733 3045 819; baseline 0 -23"><span class='ocrx_word' id='word_1_20' title='bbox 613 733 718 797; x_wconf 93' lang='lat' dir='ltr'>He</span> <span class='ocrx_word' id='word_1_21' title='bbox 733 740 882 799; x_wconf 87' lang='lat' dir='ltr'>aut.</span> <span class='ocrx_word' id='word_1_22' title='bbox 915 734 1073 819; x_wconf 72' lang='lat' dir='ltr'>prol.</span> <span class='ocrx_word' id='word_1_23' title='bbox 1107 754 1166 798; x_wconf 86' lang='lat' dir='ltr'>v.</span> <span class='ocrx_word' id='word_1_24' title='bbox 1209 733 1344 817; x_wconf 76' lang='lat' dir='ltr'>1s2:</span> <span class='ocrx_word' id='word_1_25' title='bbox 1393 734 1684 816; x_wconf 88' lang='lat' dir='ltr'>„Nequoi</span> <span class='ocrx_word' id='word_1_26' title='bbox 1715 734 1797 799; x_wconf 89' lang='lat' dir='ltr'>sit</span> <span class='ocrx_word' id='word_1_27' title='bbox 1826 740 2099 799; x_wconf 87' lang='lat' dir='ltr'>vostrum</span> <span class='ocrx_word' id='word_1_28' title='bbox 2136 734 2360 799; x_wconf 87' lang='lat' dir='ltr'>mirum</span> <span class='ocrx_word' id='word_1_29' title='bbox 2392 755 2550 817; x_wconf 90' lang='lat' dir='ltr'>quor</span> <span class='ocrx_word' id='word_1_30' title='bbox 2579 734 2777 817; x_wconf 84' lang='lat' dir='ltr'>partis</span> <span class='ocrx_word' id='word_1_31' title='bbox 2808 734 2943 799; x_wconf 89' lang='lat' dir='ltr'>seni</span> <span class='ocrx_word' id='word_1_32' title='bbox 3040 764 3045 767; x_wconf 92' lang='lat'>·</span> 
     </span>
    </p>

    <p class='ocr_par' dir='ltr' id='par_1_4' title="bbox 1122 834 2943 923">
     <span class='ocr_line' id='line_1_5' title="bbox 1122 834 2943 923; baseline -0.001 -16"><span class='ocrx_word' id='word_1_33' title='bbox 1122 834 1126 836; x_wconf 48' lang='grc'><strong><em>’</em></strong></span> <span class='ocrx_word' id='word_1_34' title='bbox 1397 844 1593 908; x_wconf 67' lang='lat' dir='ltr'>Poe‘ta</span> <span class='ocrx_word' id='word_1_35' title='bbox 1637 838 1902 923; x_wconf 78' lang='lat' dir='ltr'>dederit,</span> <span class='ocrx_word' id='word_1_36' title='bbox 1966 861 2130 923; x_wconf 86' lang='lat' dir='ltr'>quae</span> <span class='ocrx_word' id='word_1_37' title='bbox 2186 847 2332 905; x_wconf 89' lang='lat' dir='ltr'>sunt</span> <span class='ocrx_word' id='word_1_38' title='bbox 2386 841 2943 907; x_wconf 83' lang='lat' dir='ltr'>adulescentium.“</span> 
     </span>
    </p>
   </div>
   <div class='ocr_carea' id='block_1_3' title="bbox 1619 1020 1937 1029">
    <p class='ocr_par' dir='ltr' id='par_1_5' title="bbox 1619 1020 1937 1029">
     <span class='ocr_line' id='line_1_6' title="bbox 1619 1020 1937 1029; baseline 0 4030"><span class='ocrx_word' id='word_1_39' title='bbox 1619 1020 1937 1029; x_wconf 95' lang='lat' dir='ltr'> </span> 
     </span>
    </p>
   </div>
   <div class='ocr_carea' id='block_1_4' title="bbox 612 1141 2943 1441">
    <p class='ocr_par' dir='ltr' id='par_1_6' title="bbox 612 1141 2943 1441">
     <span class='ocr_line' id='line_1_7' title="bbox 613 1141 2943 1225; baseline 0.001 -20"><span class='ocrx_word' id='word_1_40' title='bbox 613 1141 788 1205; x_wconf 89' lang='lat' dir='ltr'>Hec.</span> <span class='ocrx_word' id='word_1_41' title='bbox 834 1141 993 1225; x_wconf 90' lang='lat' dir='ltr'>prol.</span> <span class='ocrx_word' id='word_1_42' title='bbox 1039 1162 1100 1207; x_wconf 83' lang='lat' dir='ltr'>v.</span> <span class='ocrx_word' id='word_1_43' title='bbox 1151 1142 1266 1207; x_wconf 78' lang='lat'>20:</span> <span class='ocrx_word' id='word_1_44' title='bbox 1316 1143 1538 1225; x_wconf 86' lang='lat' dir='ltr'>„Nunc</span> <span class='ocrx_word' id='word_1_45' title='bbox 1582 1142 1740 1225; x_wconf 88' lang='lat' dir='ltr'>quid</span> <span class='ocrx_word' id='word_1_46' title='bbox 1782 1149 2013 1225; x_wconf 87' lang='lat' dir='ltr'>petam,</span> <span class='ocrx_word' id='word_1_47' title='bbox 2060 1164 2204 1209; x_wconf 88' lang='lat' dir='ltr'>mea</span> <span class='ocrx_word' id='word_1_48' title='bbox 2248 1162 2439 1207; x_wconf 84' lang='lat' dir='ltr'>causa</span> <span class='ocrx_word' id='word_1_49' title='bbox 2484 1163 2686 1225; x_wconf 87' lang='lat' dir='ltr'>aequo</span> <span class='ocrx_word' id='word_1_50' title='bbox 2733 1143 2943 1208; x_wconf 85' lang='lat' dir='ltr'>animo</span> 
     </span>
     <span class='ocr_line' id='line_1_8' title="bbox 2616 1248 2939 1315; baseline 0 -2"><span class='ocrx_word' id='word_1_51' title='bbox 2616 1248 2939 1315; x_wconf 87' lang='lat' dir='ltr'>attendite.</span> 
     </span>
     <span class='ocr_line' id='line_1_9' title="bbox 612 1354 2702 1441; baseline 0.001 -23"><span class='ocrx_word' id='word_1_52' title='bbox 612 1354 831 1419; x_wconf 88' lang='lat' dir='ltr'>Phor.</span> <span class='ocrx_word' id='word_1_53' title='bbox 879 1355 1036 1441; x_wconf 91' lang='lat' dir='ltr'>prol.</span> <span class='ocrx_word' id='word_1_54' title='bbox 1088 1356 1202 1419; x_wconf 80' lang='lat'>24:</span> <span class='ocrx_word' id='word_1_55' title='bbox 1259 1356 1511 1437; x_wconf 86' lang='lat' dir='ltr'>„Nunc,.</span> <span class='ocrx_word' id='word_1_56' title='bbox 1551 1355 1707 1438; x_wconf 89' lang='lat' dir='ltr'>quid</span> <span class='ocrx_word' id='word_1_57' title='bbox 1752 1355 1960 1439; x_wconf 87' lang='lat' dir='ltr'>velim,</span> <span class='ocrx_word' id='word_1_58' title='bbox 2010 1357 2283 1421; x_wconf 86' lang='lat' dir='ltr'>animum</span> <span class='ocrx_word' id='word_1_59' title='bbox 2333 1356 2702 1422; x_wconf 84' lang='lat' dir='ltr'>attendite.“</span> 
     </span>
    </p>
   </div>
   <div class='ocr_carea' id='block_1_5' title="bbox 1619 1536 1929 1543">
    <p class='ocr_par' dir='ltr' id='par_1_7' title="bbox 1619 1536 1929 1543">
     <span class='ocr_line' id='line_1_10' title="bbox 1619 1536 1929 1543; baseline 0 3516"><span class='ocrx_word' id='word_1_60' title='bbox 1619 1536 1929 1543; x_wconf 95' lang='lat' dir='ltr'> </span> 
     </span>
    </p>
   </div>
   <div class='ocr_carea' id='block_1_6' title="bbox 611 1655 2945 1938">
    <p class='ocr_par' dir='ltr' id='par_1_8' title="bbox 611 1655 2945 1938">
     <span class='ocr_line' id='line_1_11' title="bbox 613 1655 2945 1742; baseline 0 -21"><span class='ocrx_word' id='word_1_61' title='bbox 613 1655 788 1721; x_wconf 85' lang='lat' dir='ltr'>Hec.</span> <span class='ocrx_word' id='word_1_62' title='bbox 819 1657 978 1740; x_wconf 91' lang='lat' dir='ltr'>prol.</span> <span class='ocrx_word' id='word_1_63' title='bbox 1011 1677 1072 1721; x_wconf 85' lang='lat' dir='ltr'>V.</span> <span class='ocrx_word' id='word_1_64' title='bbox 1106 1658 1180 1720; x_wconf 88' lang='lat'>4:</span> <span class='ocrx_word' id='word_1_65' title='bbox 1229 1658 1416 1739; x_wconf 87' lang='lat' dir='ltr'>„Mea</span> <span class='ocrx_word' id='word_1_66' title='bbox 1457 1678 1648 1723; x_wconf 87' lang='lat' dir='ltr'>causa</span> <span class='ocrx_word' id='word_1_67' title='bbox 1692 1678 1945 1722; x_wconf 86' lang='lat' dir='ltr'>causam</span> <span class='ocrx_word' id='word_1_68' title='bbox 1987 1659 2251 1742; x_wconf 85' lang='lat' dir='ltr'>accipite</span> <span class='ocrx_word' id='word_1_69' title='bbox 2283 1663 2347 1723; x_wconf 90' lang='lat' dir='ltr'>et</span> <span class='ocrx_word' id='word_1_70' title='bbox 2387 1658 2533 1723; x_wconf 84' lang='lat' dir='ltr'>date</span> <span class='ocrx_word' id='word_1_71' title='bbox 2564 1658 2945 1723; x_wconf 80' lang='lat' dir='ltr'>silentium.“</span> 
     </span>
     <span class='ocr_line' id='line_1_12' title="bbox 611 1756 2945 1848; baseline 0.001 -22"><span class='ocrx_word' id='word_1_72' title='bbox 611 1764 882 1827; x_wconf 86' lang='lat' dir='ltr'>Heaut.</span> <span class='ocrx_word' id='word_1_73' title='bbox 941 1764 1099 1848; x_wconf 91' lang='lat' dir='ltr'>prol.</span> <span class='ocrx_word' id='word_1_74' title='bbox 1161 1786 1221 1828; x_wconf 88' lang='lat' dir='ltr'>v.</span> <span class='ocrx_word' id='word_1_75' title='bbox 1281 1764 1399 1827; x_wconf 88' lang='lat'>41:</span> <span class='ocrx_word' id='word_1_76' title='bbox 1478 1765 1665 1847; x_wconf 84' lang='lat' dir='ltr'>„Mea</span> <span class='ocrx_word' id='word_1_77' title='bbox 1723 1756 1913 1829; x_wconf 81' lang='lat' dir='ltr'>causa</span> <span class='ocrx_word' id='word_1_78' title='bbox 1968 1784 2223 1829; x_wconf 86' lang='lat' dir='ltr'>causam</span> <span class='ocrx_word' id='word_1_79' title='bbox 2283 1765 2445 1829; x_wconf 85' lang='lat' dir='ltr'>hanc</span> <span class='ocrx_word' id='word_1_80' title='bbox 2502 1763 2738 1847; x_wconf 83' lang='lat' dir='ltr'>justam</span> <span class='ocrx_word' id='word_1_81' title='bbox 2808 1784 2945 1829; x_wconf 89' lang='lat' dir='ltr'>esse</span> 
     </span>
     <span class='ocr_line' id='line_1_13' title="bbox 1595 1870 2944 1938; baseline -0.001 -2"><span class='ocrx_word' id='word_1_82' title='bbox 1595 1896 1600 1899; x_wconf 93' lang='lat'>·</span> <span class='ocrx_word' id='word_1_83' title='bbox 2280 1871 2558 1938; x_wconf 85' lang='lat' dir='ltr'>animum</span> <span class='ocrx_word' id='word_1_84' title='bbox 2601 1870 2944 1936; x_wconf 84' lang='lat' dir='ltr'>inducite.“</span> 
     </span>
    </p>
   </div>
   <div class='ocr_carea' id='block_1_7' title="bbox 607 2332 3000 3801">
    <p class='ocr_par' dir='ltr' id='par_1_9' title="bbox 607 2332 3000 3801">
     <span class='ocr_line' id='line_1_14' title="bbox 825 2332 2945 2416; baseline -0 -17"><span class='ocrx_word' id='word_1_85' title='bbox 825 2333 953 2399; x_wconf 90' lang='lat' dir='ltr'>Sed</span> <span class='ocrx_word' id='word_1_86' title='bbox 1006 2333 1060 2399; x_wconf 92' lang='lat' dir='ltr'>si</span> <span class='ocrx_word' id='word_1_87' title='bbox 1115 2332 1464 2397; x_wconf 74' lang='lat' dir='ltr'><strong>accuratius</strong></span> <span class='ocrx_word' id='word_1_88' title='bbox 1520 2333 1662 2398; x_wconf 91' lang='lat' dir='ltr'>illos</span> <span class='ocrx_word' id='word_1_89' title='bbox 1728 2333 1899 2398; x_wconf 89' lang='lat' dir='ltr'>locos</span> <span class='ocrx_word' id='word_1_90' title='bbox 1956 2334 2479 2416; x_wconf 87' lang='lat' dir='ltr'>contemplamur,</span> <span class='ocrx_word' id='word_1_91' title='bbox 2550 2332 2706 2398; x_wconf 91' lang='lat' dir='ltr'>illud</span> <span class='ocrx_word' id='word_1_92' title='bbox 2773 2333 2945 2415; x_wconf 87' lang='lat' dir='ltr'>quod</span> 
     </span>
     <span class='ocr_line' id='line_1_15' title="bbox 612 2439 2944 2524; baseline -0 -19"><span class='ocrx_word' id='word_1_93' title='bbox 612 2460 802 2524; x_wconf 85' lang='lat' dir='ltr'>supra</span> <span class='ocrx_word' id='word_1_94' title='bbox 870 2439 1034 2522; x_wconf 87' lang='lat' dir='ltr'>dixi,</span> <span class='ocrx_word' id='word_1_95' title='bbox 1105 2459 1322 2503; x_wconf 87' lang='lat' dir='ltr'>verum</span> <span class='ocrx_word' id='word_1_96' title='bbox 1393 2459 1528 2505; x_wconf 88' lang='lat' dir='ltr'>esse</span> <span class='ocrx_word' id='word_1_97' title='bbox 1595 2439 1968 2504; x_wconf 83' lang='lat' dir='ltr'>videbimus.</span> <span class='ocrx_word' id='word_1_98' title='bbox 2070 2440 2233 2506; x_wconf 86' lang='lat' dir='ltr'>Nam</span> <span class='ocrx_word' id='word_1_99' title='bbox 2302 2446 2489 2523; x_wconf 70' lang='lat' dir='ltr'>poeta</span> <span class='ocrx_word' id='word_1_100' title='bbox 2556 2439 2810 2522; x_wconf 89' lang='lat' dir='ltr'>quidem</span> <span class='ocrx_word' id='word_1_101' title='bbox 2878 2440 2944 2504; x_wconf 89' lang='lat' dir='ltr'>in</span> 
     </span>
     <span class='ocr_line' id='line_1_16' title="bbox 611 2545 2945 2630; baseline -0.001 -17"><span class='ocrx_word' id='word_1_102' title='bbox 611 2549 838 2613; x_wconf 86' lang='lat' dir='ltr'>Heaut.</span> <span class='ocrx_word' id='word_1_103' title='bbox 886 2546 1042 2630; x_wconf 89' lang='lat' dir='ltr'>prol.</span> <span class='ocrx_word' id='word_1_104' title='bbox 1089 2565 1148 2610; x_wconf 83' lang='lat' dir='ltr'>v.</span> <span class='ocrx_word' id='word_1_105' title='bbox 1205 2546 1279 2608; x_wconf 84' lang='lat'>11</span> <span class='ocrx_word' id='word_1_106' title='bbox 1331 2552 1604 2610; x_wconf 88' lang='lat' dir='ltr'>actorem</span> <span class='ocrx_word' id='word_1_107' title='bbox 1651 2545 1959 2611; x_wconf 74' lang='lat' dir='ltr'>dicentem</span> <span class='ocrx_word' id='word_1_108' title='bbox 2004 2545 2183 2611; x_wconf 86' lang='lat' dir='ltr'>fecit:</span> <span class='ocrx_word' id='word_1_109' title='bbox 2262 2553 2616 2629; x_wconf 85' lang='lat' dir='ltr'>„oratorem</span> <span class='ocrx_word' id='word_1_110' title='bbox 2660 2566 2761 2611; x_wconf 91' lang='lat' dir='ltr'>me</span> <span class='ocrx_word' id='word_1_111' title='bbox 2808 2564 2945 2611; x_wconf 90' lang='lat' dir='ltr'>esse</span> 
     </span>
     <span class='ocr_line' id='line_1_17' title="bbox 612 2650 2944 2739; baseline -0.001 -21"><span class='ocrx_word' id='word_1_112' title='bbox 612 2654 811 2718; x_wconf 84' lang='lat' dir='ltr'>voluit</span> <span class='ocrx_word' id='word_1_113' title='bbox 860 2650 1090 2739; x_wconf 73' lang='lat' dir='ltr'>[poeta]</span> <span class='ocrx_word' id='word_1_114' title='bbox 1108 2654 1178 2735; x_wconf 83' lang='lat'>“3</span> <span class='ocrx_word' id='word_1_115' title='bbox 1255 2652 1321 2715; x_wconf 91' lang='lat' dir='ltr'>in</span> <span class='ocrx_word' id='word_1_116' title='bbox 1366 2658 1576 2716; x_wconf 90' lang='lat' dir='ltr'>nostro</span> <span class='ocrx_word' id='word_1_117' title='bbox 1624 2658 1834 2718; x_wconf 87' lang='lat' dir='ltr'>autem</span> <span class='ocrx_word' id='word_1_118' title='bbox 1887 2653 2150 2737; x_wconf 83' lang='lat' dir='ltr'>prologo</span> <span class='ocrx_word' id='word_1_119' title='bbox 2185 2659 2381 2717; x_wconf 85' lang='lat' dir='ltr'>-actor</span> <span class='ocrx_word' id='word_1_120' title='bbox 2439 2652 2619 2717; x_wconf 88' lang='lat' dir='ltr'>dicit:</span> <span class='ocrx_word' id='word_1_121' title='bbox 2692 2658 2944 2735; x_wconf 86' lang='lat' dir='ltr'>„orator</span> 
     </span>
     <span class='ocr_line' id='line_1_18' title="bbox 613 2758 3000 2842; baseline -0.003 -18"><span class='ocrx_word' id='word_1_122' title='bbox 613 2797 700 2805; x_wconf 88' lang='lat'>—</span> <span class='ocrx_word' id='word_1_123' title='bbox 723 2760 1004 2825; x_wconf 87' lang='lat' dir='ltr'>venio“.</span> <span class='ocrx_word' id='word_1_124' title='bbox 1039 2796 1126 2804; x_wconf 91' lang='lat'>——</span> <span class='ocrx_word' id='word_1_125' title='bbox 1159 2758 1462 2824; x_wconf 85' lang='lat' dir='ltr'>Similiter</span> <span class='ocrx_word' id='word_1_126' title='bbox 1509 2777 1758 2841; x_wconf 90' lang='lat' dir='ltr'>quoque</span> <span class='ocrx_word' id='word_1_127' title='bbox 1802 2778 1903 2823; x_wconf 90' lang='lat' dir='ltr'>res</span> <span class='ocrx_word' id='word_1_128' title='bbox 1947 2778 2015 2823; x_wconf 91' lang='lat' dir='ltr'>se</span> <span class='ocrx_word' id='word_1_129' title='bbox 2060 2758 2249 2823; x_wconf 84' lang='lat' dir='ltr'>habet</span> <span class='ocrx_word' id='word_1_130' title='bbox 2294 2759 2491 2824; x_wconf 85' lang='lat' dir='ltr'>altero</span> <span class='ocrx_word' id='word_1_131' title='bbox 2521 2759 2678 2842; x_wconf 89' lang='lat' dir='ltr'>loco,</span> <span class='ocrx_word' id='word_1_132' title='bbox 2716 2760 2942 2825; x_wconf 88' lang='lat' dir='ltr'>Heaut.</span> <span class='ocrx_word' id='word_1_133' title='bbox 2992 2798 3000 2817; x_wconf 85' lang='grc'><em>,</em></span> 
     </span>
     <span class='ocr_line' id='line_1_19' title="bbox 611 2856 2947 2949; baseline 0 -20"><span class='ocrx_word' id='word_1_134' title='bbox 611 2867 769 2949; x_wconf 91' lang='lat' dir='ltr'>prol.</span> <span class='ocrx_word' id='word_1_135' title='bbox 803 2886 907 2930; x_wconf 85' lang='lat' dir='ltr'>vv.</span> <span class='ocrx_word' id='word_1_136' title='bbox 947 2868 977 2929; x_wconf 94' lang='lat'>1</span> <span class='ocrx_word' id='word_1_137' title='bbox 1017 2872 1079 2929; x_wconf 94' lang='lat' dir='ltr'>et</span> <span class='ocrx_word' id='word_1_138' title='bbox 1110 2865 1169 2947; x_wconf 79' lang='lat'>2,</span> <span class='ocrx_word' id='word_1_139' title='bbox 1219 2865 1327 2929; x_wconf 89' lang='lat' dir='ltr'>ubi</span> <span class='ocrx_word' id='word_1_140' title='bbox 1373 2864 1704 2929; x_wconf 83' lang='lat' dir='ltr'>Terentius</span> <span class='ocrx_word' id='word_1_141' title='bbox 1750 2865 2024 2948; x_wconf 86' lang='lat' dir='ltr'>scripsit:</span> <span class='ocrx_word' id='word_1_142' title='bbox 2076 2856 2276 2947; x_wconf 92' lang='lat' dir='ltr'>„quor</span> <span class='ocrx_word' id='word_1_143' title='bbox 2306 2866 2503 2948; x_wconf 86' lang='lat' dir='ltr'>partis</span> <span class='ocrx_word' id='word_1_144' title='bbox 2533 2866 2667 2930; x_wconf 90' lang='lat' dir='ltr'>seni</span> <span class='ocrx_word' id='word_1_145' title='bbox 2712 2871 2947 2949; x_wconf 72' lang='lat' dir='ltr'>poeta</span> 
     </span>
     <span class='ocr_line' id='line_1_20' title="bbox 613 2970 2941 3056; baseline -0.001 -19"><span class='ocrx_word' id='word_1_146' title='bbox 613 2971 874 3055; x_wconf 85' lang='lat' dir='ltr'>dederit,</span> <span class='ocrx_word' id='word_1_147' title='bbox 923 2991 1087 3054; x_wconf 84' lang='lat' dir='ltr'>quae</span> <span class='ocrx_word' id='word_1_148' title='bbox 1132 2979 1276 3035; x_wconf 89' lang='lat' dir='ltr'>sunt</span> <span class='ocrx_word' id='word_1_149' title='bbox 1318 2970 1833 3036; x_wconf 85' lang='lat' dir='ltr'>adulescentium‘</span> <span class='ocrx_word' id='word_1_150' title='bbox 1840 2973 1888 3054; x_wconf 82' lang='lat'>‘3</span> <span class='ocrx_word' id='word_1_151' title='bbox 1951 2972 2017 3036; x_wconf 88' lang='lat' dir='ltr'>in</span> <span class='ocrx_word' id='word_1_152' title='bbox 2062 2971 2350 3056; x_wconf 78' lang='lat' dir='ltr'>Hecyrae</span> <span class='ocrx_word' id='word_1_153' title='bbox 2396 2978 2604 3037; x_wconf 86' lang='lat' dir='ltr'>autem</span> <span class='ocrx_word' id='word_1_154' title='bbox 2650 2971 2941 3054; x_wconf 85' lang='lat' dir='ltr'>prologo:</span> 
     </span>
     <span class='ocr_line' id='line_1_21' title="bbox 613 3074 2946 3162; baseline -0.001 -19"><span class='ocrx_word' id='word_1_155' title='bbox 613 3078 879 3161; x_wconf 89' lang='lat' dir='ltr'>„eodem</span> <span class='ocrx_word' id='word_1_156' title='bbox 926 3083 994 3142; x_wconf 91' lang='lat' dir='ltr'>ut</span> <span class='ocrx_word' id='word_1_157' title='bbox 1029 3074 1172 3161; x_wconf 88' lang='lat' dir='ltr'>jure</span> <span class='ocrx_word' id='word_1_158' title='bbox 1229 3078 1342 3141; x_wconf 90' lang='lat' dir='ltr'>uti</span> <span class='ocrx_word' id='word_1_159' title='bbox 1399 3097 1655 3143; x_wconf 90' lang='lat' dir='ltr'>senem</span> <span class='ocrx_word' id='word_1_160' title='bbox 1709 3078 1983 3160; x_wconf 85' lang='lat' dir='ltr'>liceat,</span> <span class='ocrx_word' id='word_1_161' title='bbox 2048 3098 2171 3159; x_wconf 90' lang='lat' dir='ltr'>quo</span> <span class='ocrx_word' id='word_1_162' title='bbox 2210 3077 2352 3162; x_wconf 90' lang='lat' dir='ltr'>jure</span> <span class='ocrx_word' id='word_1_163' title='bbox 2397 3098 2545 3143; x_wconf 86' lang='lat' dir='ltr'>usus</span> <span class='ocrx_word' id='word_1_164' title='bbox 2590 3097 2752 3142; x_wconf 88' lang='lat' dir='ltr'>sum</span> <span class='ocrx_word' id='word_1_165' title='bbox 2798 3076 2946 3141; x_wconf 88' lang='lat' dir='ltr'>ado-</span> 
     </span>
     <span class='ocr_line' id='line_1_22' title="bbox 611 3184 2947 3268; baseline -0.001 -18"><span class='ocrx_word' id='word_1_166' title='bbox 611 3184 1003 3249; x_wconf 84' lang='lat' dir='ltr'>lescentior“.</span> <span class='ocrx_word' id='word_1_167' title='bbox 1051 3220 1140 3229; x_wconf 89' lang='lat'>—-</span> <span class='ocrx_word' id='word_1_168' title='bbox 1195 3184 1335 3248; x_wconf 92' lang='lat' dir='ltr'>Huc</span> <span class='ocrx_word' id='word_1_169' title='bbox 1389 3190 1674 3268; x_wconf 86' lang='lat' dir='ltr'>spectant</span> <span class='ocrx_word' id='word_1_170' title='bbox 1732 3185 1923 3249; x_wconf 85' lang='lat' dir='ltr'>etiam</span> <span class='ocrx_word' id='word_1_171' title='bbox 1980 3185 2207 3248; x_wconf 84' lang='lat' dir='ltr'>Heaut.</span> <span class='ocrx_word' id='word_1_172' title='bbox 2268 3184 2425 3267; x_wconf 90' lang='lat' dir='ltr'>prol.</span> <span class='ocrx_word' id='word_1_173' title='bbox 2484 3205 2545 3249; x_wconf 90' lang='lat' dir='ltr'>v.</span> <span class='ocrx_word' id='word_1_174' title='bbox 2614 3186 2723 3248; x_wconf 83' lang='lat'>12:</span> <span class='ocrx_word' id='word_1_175' title='bbox 2803 3204 2947 3267; x_wconf 92' lang='lat' dir='ltr'>„me</span> 
     </span>
     <span class='ocr_line' id='line_1_23' title="bbox 613 3282 2943 3378; baseline -0.001 -23"><span class='ocrx_word' id='word_1_176' title='bbox 613 3298 887 3357; x_wconf 86' lang='lat' dir='ltr'>actorem</span> <span class='ocrx_word' id='word_1_177' title='bbox 933 3288 1107 3355; x_wconf 91' lang='lat' dir='ltr'>dedit</span> <span class='ocrx_word' id='word_1_178' title='bbox 1153 3287 1432 3378; x_wconf 73' lang='lat' dir='ltr'>[poeta]“</span> <span class='ocrx_word' id='word_1_179' title='bbox 1461 3282 1528 3354; x_wconf 59' lang='lat' dir='ltr'>&#39;et</span> <span class='ocrx_word' id='word_1_180' title='bbox 1557 3312 1618 3356; x_wconf 86' lang='lat' dir='ltr'>v.</span> <span class='ocrx_word' id='word_1_181' title='bbox 1660 3290 1769 3354; x_wconf 81' lang='lat'>15:</span> <span class='ocrx_word' id='word_1_182' title='bbox 1819 3289 1971 3373; x_wconf 91' lang='lat' dir='ltr'>„qui</span> <span class='ocrx_word' id='word_1_183' title='bbox 2004 3290 2348 3354; x_wconf 84' lang='lat' dir='ltr'>orationem</span> <span class='ocrx_word' id='word_1_184' title='bbox 2380 3290 2546 3354; x_wconf 83' lang='lat' dir='ltr'>hanc</span> <span class='ocrx_word' id='word_1_185' title='bbox 2588 3290 2943 3373; x_wconf 81' lang='lat' dir='ltr'>scripsit,</span> 
     </span>
     <span class='ocr_line' id='line_1_24' title="bbox 613 3395 2947 3480; baseline -0.001 -17"><span class='ocrx_word' id='word_1_186' title='bbox 613 3418 802 3480; x_wconf 88' lang='lat' dir='ltr'>quam</span> <span class='ocrx_word' id='word_1_187' title='bbox 858 3396 1134 3461; x_wconf 89' lang='lat' dir='ltr'>dicturus</span> <span class='ocrx_word' id='word_1_188' title='bbox 1191 3398 1396 3461; x_wconf 87' lang='lat' dir='ltr'>sum.“</span> <span class='ocrx_word' id='word_1_189' title='bbox 1419 3395 1466 3480; x_wconf 91' lang='lat'>¹)</span> <span class='ocrx_word' id='word_1_190' title='bbox 1558 3395 1682 3461; x_wconf 81' lang='lat' dir='ltr'>Gur</span> <span class='ocrx_word' id='word_1_191' title='bbox 1719 3395 1979 3479; x_wconf 89' lang='lat' dir='ltr'>&#39;aliquid</span> <span class='ocrx_word' id='word_1_192' title='bbox 2036 3397 2239 3461; x_wconf 90' lang='lat' dir='ltr'>simile</span> <span class='ocrx_word' id='word_1_193' title='bbox 2296 3396 2362 3460; x_wconf 92' lang='lat' dir='ltr'>in</span> <span class='ocrx_word' id='word_1_194' title='bbox 2418 3402 2635 3477; x_wconf 82' lang='lat' dir='ltr'>nostro</span> <span class='ocrx_word' id='word_1_195' title='bbox 2685 3398 2947 3480; x_wconf 84' lang='lat' dir='ltr'>prologo</span> 
     </span>
     <span class='ocr_line' id='line_1_25' title="bbox 611 3501 2949 3587; baseline -0.001 -20"><span class='ocrx_word' id='word_1_196' title='bbox 611 3525 738 3569; x_wconf 90' lang='lat' dir='ltr'>non</span> <span class='ocrx_word' id='word_1_197' title='bbox 781 3506 996 3568; x_wconf 78' lang='lat' dir='ltr'>extat?</span> <span class='ocrx_word' id='word_1_198' title='bbox 1042 3503 1351 3569; x_wconf 86' lang='lat' dir='ltr'>Nimirum</span> <span class='ocrx_word' id='word_1_199' title='bbox 1395 3501 1563 3585; x_wconf 91' lang='lat' dir='ltr'>quod</span> <span class='ocrx_word' id='word_1_200' title='bbox 1594 3504 1933 3569; x_wconf 88' lang='lat' dir='ltr'>Heautont.</span> <span class='ocrx_word' id='word_1_201' title='bbox 1966 3504 2293 3587; x_wconf 90' lang='lat' dir='ltr'>prologum</span> <span class='ocrx_word' id='word_1_202' title='bbox 2325 3504 2655 3569; x_wconf 86' lang='lat' dir='ltr'>Ambivius</span> <span class='ocrx_word' id='word_1_203' title='bbox 2695 3502 2949 3584; x_wconf 90' lang='lat' dir='ltr'>quidem</span> 
     </span>
     <span class='ocr_line' id='line_1_26' title="bbox 607 3604 2949 3695; baseline 0 -21"><span class='ocrx_word' id='word_1_204' title='bbox 607 3604 1061 3695; x_wconf 79' lang='lat' dir='ltr'>pronuntiavit,</span> <span class='ocrx_word' id='word_1_205' title='bbox 1122 3610 1451 3676; x_wconf 86' lang='lat' dir='ltr'>Terentius</span> <span class='ocrx_word' id='word_1_206' title='bbox 1497 3618 1708 3676; x_wconf 86' lang='lat' dir='ltr'>autem</span> <span class='ocrx_word' id='word_1_207' title='bbox 1768 3611 2046 3693; x_wconf 85' lang='lat' dir='ltr'>scripsit3</span> <span class='ocrx_word' id='word_1_208' title='bbox 2124 3610 2237 3675; x_wconf 91' lang='lat' dir='ltr'>sed</span> <span class='ocrx_word' id='word_1_209' title='bbox 2294 3617 2571 3675; x_wconf 86' lang='lat' dir='ltr'>nostrum</span> <span class='ocrx_word' id='word_1_210' title='bbox 2618 3610 2949 3675; x_wconf 82' lang='lat' dir='ltr'>Ambivius</span> 
     </span>
     <span class='ocr_line' id='line_1_27' title="bbox 613 3717 1755 3801; baseline 0.001 -20"><span class='ocrx_word' id='word_1_211' title='bbox 613 3718 751 3801; x_wconf 86' lang='lat' dir='ltr'>ipse</span> <span class='ocrx_word' id='word_1_212' title='bbox 797 3724 860 3781; x_wconf 89' lang='lat' dir='ltr'>et</span> <span class='ocrx_word' id='word_1_213' title='bbox 904 3717 1335 3799; x_wconf 84' lang='lat' dir='ltr'>pronuntiavit</span> <span class='ocrx_word' id='word_1_214' title='bbox 1381 3722 1443 3782; x_wconf 91' lang='lat' dir='ltr'>et</span> <span class='ocrx_word' id='word_1_215' title='bbox 1487 3717 1755 3801; x_wconf 86' lang='lat' dir='ltr'>scripsit.</span> 
     </span>
    </p>
   </div>
   <div class='ocr_carea' id='block_1_8' title="bbox 613 3844 1038 3851">
    <p class='ocr_par' dir='ltr' id='par_1_10' title="bbox 613 3844 1038 3851">
     <span class='ocr_line' id='line_1_28' title="bbox 613 3844 1038 3851; baseline 0 0"><span class='ocrx_word' id='word_1_216' title='bbox 613 3844 1038 3851; x_wconf 95' lang='lat' dir='ltr'> </span> 
     </span>
    </p>
   </div>
   <div class='ocr_carea' id='block_1_9' title="bbox 597 3896 2950 4496">
    <p class='ocr_par' dir='ltr' id='par_1_11' title="bbox 597 3896 2950 4496">
     <span class='ocr_line' id='line_1_29' title="bbox 831 3896 2949 3965; baseline 0 -14"><span class='ocrx_word' id='word_1_217' title='bbox 831 3898 868 3959; x_wconf 84' lang='lat'>¹)</span> <span class='ocrx_word' id='word_1_218' title='bbox 941 3896 1216 3951; x_wconf 88' lang='lat' dir='ltr'>Bentleius</span> <span class='ocrx_word' id='word_1_219' title='bbox 1269 3897 1484 3965; x_wconf 89' lang='lat' dir='ltr'>quidem</span> <span class='ocrx_word' id='word_1_220' title='bbox 1537 3902 1697 3965; x_wconf 83' lang='lat' dir='ltr'>putat</span> <span class='ocrx_word' id='word_1_221' title='bbox 1738 3896 1909 3950; x_wconf 87' lang='lat' dir='ltr'>verba</span> <span class='ocrx_word' id='word_1_222' title='bbox 1961 3896 2056 3950; x_wconf 87' lang='lat' dir='ltr'>illa</span> <span class='ocrx_word' id='word_1_223' title='bbox 2110 3900 2355 3963; x_wconf 83' lang='lat' dir='ltr'>spectare</span> <span class='ocrx_word' id='word_1_224' title='bbox 2410 3896 2481 3951; x_wconf 85' lang='lat' dir='ltr'>ad</span> <span class='ocrx_word' id='word_1_225' title='bbox 2540 3903 2751 3965; x_wconf 82' lang='lat' dir='ltr'>partes,</span> <span class='ocrx_word' id='word_1_226' title='bbox 2814 3910 2949 3965; x_wconf 79' lang='lat' dir='ltr'>quas</span> 
     </span>
     <span class='ocr_line' id='line_1_30' title="bbox 613 3984 2949 4054; baseline -0 -13"><span class='ocrx_word' id='word_1_227' title='bbox 613 3985 901 4041; x_wconf 85' lang='lat' dir='ltr'>Ambivius</span> <span class='ocrx_word' id='word_1_228' title='bbox 938 3987 994 4039; x_wconf 89' lang='lat' dir='ltr'>in</span> <span class='ocrx_word' id='word_1_229' title='bbox 1032 3984 1219 4039; x_wconf 80' lang='lat' dir='ltr'>fabula</span> <span class='ocrx_word' id='word_1_230' title='bbox 1254 3986 1374 4053; x_wconf 87' lang='lat' dir='ltr'>ipsa</span> <span class='ocrx_word' id='word_1_231' title='bbox 1398 3990 1749 4053; x_wconf 88' lang='lat' dir='ltr'>suscepturus</span> <span class='ocrx_word' id='word_1_232' title='bbox 1774 3987 1857 4039; x_wconf 87' lang='lat' dir='ltr'>sit.</span> <span class='ocrx_word' id='word_1_233' title='bbox 1915 3984 2026 4039; x_wconf 88' lang='lat' dir='ltr'>Sed</span> <span class='ocrx_word' id='word_1_234' title='bbox 2057 3984 2251 4039; x_wconf 83' lang='lat' dir='ltr'>verba:</span> <span class='ocrx_word' id='word_1_235' title='bbox 2291 3986 2420 4054; x_wconf 87' lang='lat' dir='ltr'>„qui</span> <span class='ocrx_word' id='word_1_236' title='bbox 2454 3987 2747 4040; x_wconf 83' lang='lat' dir='ltr'>orationem</span> <span class='ocrx_word' id='word_1_237' title='bbox 2779 3985 2949 4040; x_wconf 85' lang='lat' dir='ltr'>hanc</span> 
     </span>
     <span class='ocr_line' id='line_1_31' title="bbox 611 4068 2950 4143; baseline -0.001 -14"><span class='ocrx_word' id='word_1_238' title='bbox 611 4077 843 4143; x_wconf 85' lang='lat' dir='ltr'>scripsit,</span> <span class='ocrx_word' id='word_1_239' title='bbox 884 4090 1048 4143; x_wconf 83' lang='lat' dir='ltr'>quam</span> <span class='ocrx_word' id='word_1_240' title='bbox 1085 4074 1392 4128; x_wconf 87' lang='lat' dir='ltr'>dicturus</span> <span class='ocrx_word' id='word_1_241' title='bbox 1437 4068 1615 4129; x_wconf 87' lang='lat' dir='ltr'>sum“</span> <span class='ocrx_word' id='word_1_242' title='bbox 1651 4090 1749 4141; x_wconf 89' lang='lat' dir='ltr'>per</span> <span class='ocrx_word' id='word_1_243' title='bbox 1784 4090 1844 4129; x_wconf 89' lang='lat' dir='ltr'>se</span> <span class='ocrx_word' id='word_1_244' title='bbox 1882 4074 1951 4127; x_wconf 87' lang='lat' dir='ltr'>de</span> <span class='ocrx_word' id='word_1_245' title='bbox 1988 4074 2200 4141; x_wconf 85' lang='lat' dir='ltr'>prologi</span> <span class='ocrx_word' id='word_1_246' title='bbox 2237 4078 2448 4127; x_wconf 87' lang='lat' dir='ltr'>tantum</span> <span class='ocrx_word' id='word_1_247' title='bbox 2484 4074 2730 4141; x_wconf 84' lang='lat' dir='ltr'>partibus</span> <span class='ocrx_word' id='word_1_248' title='bbox 2766 4074 2950 4127; x_wconf 89' lang='lat' dir='ltr'>viden-</span> 
     </span>
     <span class='ocr_line' id='line_1_32' title="bbox 615 4162 2949 4231; baseline 0 -14"><span class='ocrx_word' id='word_1_249' title='bbox 615 4169 704 4218; x_wconf 89' lang='lat' dir='ltr'>tur</span> <span class='ocrx_word' id='word_1_250' title='bbox 742 4165 851 4217; x_wconf 90' lang='lat' dir='ltr'>dici</span> <span class='ocrx_word' id='word_1_251' title='bbox 887 4178 1073 4231; x_wconf 72' lang='lat' dir='ltr'>posset,</span> <span class='ocrx_word' id='word_1_252' title='bbox 1129 4163 1174 4218; x_wconf 90' lang='lat' dir='ltr'>si</span> <span class='ocrx_word' id='word_1_253' title='bbox 1212 4164 1354 4217; x_wconf 90' lang='lat' dir='ltr'>enim</span> <span class='ocrx_word' id='word_1_254' title='bbox 1409 4163 1500 4217; x_wconf 85' lang='lat' dir='ltr'>illa</span> <span class='ocrx_word' id='word_1_255' title='bbox 1534 4162 1707 4217; x_wconf 85' lang='lat' dir='ltr'>verba</span> <span class='ocrx_word' id='word_1_256' title='bbox 1762 4163 1831 4216; x_wconf 84' lang='lat' dir='ltr'>ad</span> <span class='ocrx_word' id='word_1_257' title='bbox 1888 4167 2070 4229; x_wconf 87' lang='lat' dir='ltr'>partes</span> <span class='ocrx_word' id='word_1_258' title='bbox 2124 4163 2180 4215; x_wconf 90' lang='lat' dir='ltr'>in</span> <span class='ocrx_word' id='word_1_259' title='bbox 2230 4164 2441 4217; x_wconf 87' lang='lat' dir='ltr'>actione</span> <span class='ocrx_word' id='word_1_260' title='bbox 2497 4164 2617 4229; x_wconf 83' lang='lat' dir='ltr'>ipsa</span> <span class='ocrx_word' id='word_1_261' title='bbox 2670 4167 2949 4230; x_wconf 81' lang='lat' dir='ltr'>susceptas</span> 
     </span>
     <span class='ocr_line' id='line_1_33' title="bbox 597 4251 2950 4320; baseline -0.001 -14"><span class='ocrx_word' id='word_1_262' title='bbox 597 4253 956 4320; x_wconf 85' lang='lat' dir='ltr'>pertinerent,</span> <span class='ocrx_word' id='word_1_263' title='bbox 1011 4256 1124 4304; x_wconf 89' lang='lat' dir='ltr'>tum</span> <span class='ocrx_word' id='word_1_264' title='bbox 1179 4251 1525 4305; x_wconf 88' lang='lat' dir='ltr'>scribendum</span> <span class='ocrx_word' id='word_1_265' title='bbox 1579 4255 1719 4305; x_wconf 86' lang='lat' dir='ltr'>erat:</span> <span class='ocrx_word' id='word_1_266' title='bbox 1783 4251 1910 4319; x_wconf 90' lang='lat' dir='ltr'>„qui</span> <span class='ocrx_word' id='word_1_267' title='bbox 1960 4252 2254 4305; x_wconf 89' lang='lat' dir='ltr'>orationem</span> <span class='ocrx_word' id='word_1_268' title='bbox 2303 4252 2450 4304; x_wconf 84' lang='lat' dir='ltr'>illam</span> <span class='ocrx_word' id='word_1_269' title='bbox 2505 4252 2730 4319; x_wconf 86' lang='lat' dir='ltr'>scripsit,</span> <span class='ocrx_word' id='word_1_270' title='bbox 2787 4267 2950 4319; x_wconf 87' lang='lat' dir='ltr'>quam</span> 
     </span>
     <span class='ocr_line' id='line_1_34' title="bbox 613 4334 2949 4408; baseline -0 -14"><span class='ocrx_word' id='word_1_271' title='bbox 613 4334 826 4394; x_wconf 82' lang='lat' dir='ltr'>dicam“</span> <span class='ocrx_word' id='word_1_272' title='bbox 866 4344 968 4393; x_wconf 91' lang='lat' dir='ltr'>cet.</span> <span class='ocrx_word' id='word_1_273' title='bbox 1007 4368 1074 4395; x_wconf 93' lang='grc'>.-</span> <span class='ocrx_word' id='word_1_274' title='bbox 1113 4340 1402 4395; x_wconf 85' lang='lat' dir='ltr'>Praeterea</span> <span class='ocrx_word' id='word_1_275' title='bbox 1437 4356 1625 4393; x_wconf 84' lang='lat' dir='ltr'>vocem</span> <span class='ocrx_word' id='word_1_276' title='bbox 1665 4334 2029 4407; x_wconf 83' lang='lat' dir='ltr'>„orationem“</span> <span class='ocrx_word' id='word_1_277' title='bbox 2069 4342 2316 4406; x_wconf 85' lang='lat' dir='ltr'>spectare</span> <span class='ocrx_word' id='word_1_278' title='bbox 2354 4340 2426 4393; x_wconf 80' lang='lat' dir='ltr'>ad</span> <span class='ocrx_word' id='word_1_279' title='bbox 2461 4339 2596 4393; x_wconf 91' lang='lat' dir='ltr'>illud</span> <span class='ocrx_word' id='word_1_280' title='bbox 2632 4340 2776 4408; x_wconf 88' lang='lat' dir='ltr'>quod</span> <span class='ocrx_word' id='word_1_281' title='bbox 2802 4344 2949 4393; x_wconf 75' lang='lat' dir='ltr'>ante-</span> 
     </span>
     <span class='ocr_line' id='line_1_35' title="bbox 613 4423 2467 4496; baseline -0.001 -13"><span class='ocrx_word' id='word_1_282' title='bbox 613 4429 759 4483; x_wconf 88' lang='lat' dir='ltr'>cedit</span> <span class='ocrx_word' id='word_1_283' title='bbox 793 4433 1163 4496; x_wconf 80' lang='lat' dir='ltr'>„oratorem</span> <span class='ocrx_word' id='word_1_284' title='bbox 1202 4444 1287 4482; x_wconf 91' lang='lat' dir='ltr'>me</span> <span class='ocrx_word' id='word_1_285' title='bbox 1325 4443 1439 4483; x_wconf 89' lang='lat' dir='ltr'>esse</span> <span class='ocrx_word' id='word_1_286' title='bbox 1475 4423 1680 4483; x_wconf 83' lang='lat' dir='ltr'>voluit“</span> <span class='ocrx_word' id='word_1_287' title='bbox 1722 4425 1790 4492; x_wconf 84' lang='lat' dir='ltr'>[v.</span> <span class='ocrx_word' id='word_1_288' title='bbox 1838 4424 1921 4491; x_wconf 91' lang='lat'>11]</span> <span class='ocrx_word' id='word_1_289' title='bbox 1960 4442 2119 4479; x_wconf 83' lang='lat' dir='ltr'>nemo</span> <span class='ocrx_word' id='word_1_290' title='bbox 2160 4442 2263 4480; x_wconf 85' lang='lat' dir='ltr'>non</span> <span class='ocrx_word' id='word_1_291' title='bbox 2302 4428 2467 4482; x_wconf 85' lang='lat' dir='ltr'>videt.</span> 
     </span>
    </p>
   </div>
   <div class='ocr_carea' id='block_1_10' title="bbox 3288 0 3292 709">
    <p class='ocr_par' dir='ltr' id='par_1_12' title="bbox 3288 0 3292 709">
     <span class='ocr_line' id='line_1_36' title="bbox 3288 0 3292 709; baseline 0 0"><span class='ocrx_word' id='word_1_292' title='bbox 3288 0 3292 709; x_wconf 95' lang='lat' dir='ltr'> </span> 
     </span>
    </p>
   </div>
   <div class='ocr_carea' id='block_1_11' title="bbox 3288 890 3292 1475">
    <p class='ocr_par' dir='ltr' id='par_1_13' title="bbox 3288 890 3292 1475">
     <span class='ocr_line' id='line_1_37' title="bbox 3288 890 3292 1475; baseline 0 0"><span class='ocrx_word' id='word_1_293' title='bbox 3288 890 3292 1475; x_wconf 95' lang='lat' dir='ltr'> </span> 
     </span>
    </p>
   </div>
   <div class='ocr_carea' id='block_1_12' title="bbox 3286 1690 3293 4599">
    <p class='ocr_par' dir='ltr' id='par_1_14' title="bbox 3286 1690 3293 4599">
     <span class='ocr_line' id='line_1_38' title="bbox 3286 1690 3293 4599; baseline 0 0"><span class='ocrx_word' id='word_1_294' title='bbox 3286 1690 3293 4599; x_wconf 95' lang='lat' dir='ltr'> </span> 
     </span>
    </p>
   </div>
  </div>
 </body>
</html>
