3350 5059
1471 298 1951 363 ...„52-

567 478 780 562 igitur,
840 478 949 559 qui
996 483 1141 541 ante
1187 477 1565 559 aequinoctii
1624 481 2025 560 tempestates
2080 476 2147 541 in
2192 470 2523 541 Graeciam
2567 472 2899 555 pervenire

565 586 880 666 volebant,
940 589 1106 648 certe
1154 582 1289 667 jam
1348 590 1494 648 ante
1539 584 1632 648 Id.
1683 583 1855 665 Sept.
1905 580 2086 648 Ostia
2128 579 2695 665 proficiscebantur,
2754 598 2897 643 cum

567 690 650 755 ad
706 692 824 755 iter
881 689 1332 755 conficiendum
1389 688 1885 772 quattuordecim
1944 689 2079 753 fere
2145 687 2367 753 diebus
2431 705 2587 769 opus
2656 692 2836 751 esset.
2850 686 2897 765 ¹)

568 798 632 861 Is
687 798 897 880 igitur,
959 797 1065 879 qui
1123 798 1362 862 Romae
1418 796 1586 862 ludis
1641 796 1943 860 Romanis
2002 795 2225 877 adfuit,
2286 794 2395 859 vix
2454 791 2673 858 eodem
2734 812 2897 857 anno

568 905 634 967 in
667 904 1000 970 Graeciam
1044 902 1360 986 profectus
1407 909 1519 967 est.
1611 902 1737 967 Sed
1756 950 1761 955 -
1781 902 1940 966 haee
1969 902 2179 965 omnia
2209 900 2380 965 dicta
2408 906 2552 964 sunt
2582 898 2662 963 de
2694 905 2900 963 aetate

572 1009 927 1093 Caligulae,
977 1016 1210 1092 quanto
1257 1010 1461 1093 magis
1507 1009 1586 1074 de
1616 1010 1868 1075 Terenti
1900 1008 2303 1091 temporibus,
2350 1006 2587 1071 scilicet
2617 1004 2899 1070 ducentis

443 1182 448 1191 ,
570 1116 813 1181 circiter
859 1116 1039 1180 annis
1086 1118 1260 1181 ante!
1317 1154 1393 1163 --
1444 1113 1762 1191 Quaecum
1809 1116 1901 1179 ita
1957 1116 2100 1197 sint,
2159 1112 2507 1193 Terentiae,
2567 1111 2618 1175 si
2676 1111 2901 1175 tertiae

568 1223 856 1307 Hecyrae
903 1224 1133 1289 actioni
1179 1224 1494 1304 intererat,
1555 1221 1777 1287 eodem
1824 1242 1990 1287 anno
2048 1226 2214 1285 certe
2271 1219 2336 1283 in
2383 1218 2717 1285 Graeciam
2760 1237 2900 1299 pro-

571 1328 771 1394 fectus
817 1349 942 1393 non
987 1335 1098 1393 est.

780 1435 954 1500 Nihil
1008 1436 1201 1517 igitur
1255 1441 1478 1518 restat,
1541 1436 1660 1499 nisi
1721 1442 1791 1499 ut
1848 1434 2174 1500 credamus
2231 1453 2380 1498 vere
2437 1432 2691 1497 ineunte
2750 1431 2900 1495 anni

571 1542 958 1623 insequentis
1024 1548 1274 1625 poetam
1343 1562 1658 1625 egressum
1730 1562 1885 1608 esse.
1993 1540 2122 1607 Sed
2188 1561 2327 1605 cum
2396 1544 2585 1622 poeta
2654 1558 2709 1601 a.
2772 1536 2901 1601 595

569 1650 832 1712 Romam
879 1648 1084 1712 redire
1128 1650 1320 1713 vellet
1367 1647 1469 1736 [cf.
1507 1649 1705 1713 vitam
1737 1646 2021 1734 Suetoni]
2072 1654 2135 1711 et
2179 1647 2245 1711 id
2288 1646 2347 1711 ei
2384 1644 2522 1729 jam
2568 1650 2901 1710 auctumno

573 1760 838 1819 exeunte
870 1753 1227 1819 faciendum
1259 1762 1438 1837 esset,
1473 1762 1721 1838 tempus
1750 1753 2180 1838 „percipiendi
2206 1753 2588 1841 Graecorum
2619 1750 2903 1815 instituta

569 1880 899 1942 moresque
945 1881 1020 1925 ac
1049 1882 1246 1926 novas
1278 1862 1552 1927 faciendi
1582 1861 1874 1925 fabulas“
1924 1858 2025 1947 [cf.
2060 1857 2279 1945 vitam]
2328 1860 2630 1942 perbreve
2661 1856 2901 1937 fuisset,

572 1966 624 2031 si
671 1986 818 2030 vere
865 1966 1113 2031 demum
1147 1988 1204 2033 a.
1239 1969 1368 2031 595
1400 1970 1552 2032 urbe
1584 1968 1969 2033 excessisset.
2039 1967 2375 2031 Praeterea
2405 1972 2536 2029 tum
2569 1963 2903 2028 Suetonius

572 2072 842 2137 scribere
888 2093 1010 2137 non
1055 2076 1289 2157 potuit:
1339 2083 1522 2158 „post
1568 2073 1769 2138 editas
1816 2073 2171 2149 comoedias
2218 2090 2504 2155 egressus
2550 2071 2705 2152 est“,
2762 2090 2900 2133 cum

573 2200 869 2261 magnum
918 2181 1186 2263 spatium
1234 2181 1534 2263 temporis
1578 2181 1741 2245 inter
1786 2180 2141 2245 fabularum
2188 2178 2525 2243 editionem
2556 2183 2618 2241 et
2648 2176 2902 2241 Terenti

573 2286 693 2349 iter
737 2286 1082 2351 interesset.
1726 2358 1729 2361 ,

785 2393 1116 2456 Terentius
1169 2393 1363 2475 igitur
1417 2399 1526 2456 aut
1578 2392 1672 2456 Id.
1722 2392 1855 2457 fere
1912 2392 2157 2474 Septbr.
2217 2412 2274 2455 a.
2324 2389 2453 2454 594
2506 2391 2709 2454 Roma
2764 2409 2904 2472 pro-

575 2497 773 2562 fectus
819 2498 980 2561 ludis
1027 2500 1326 2563 Romanis
1379 2519 1502 2563 non
1559 2498 1843 2563 interfuit
1898 2503 2009 2562 aut
2052 2496 2188 2581 jam
2242 2502 2384 2580 post
2440 2496 2903 2579 aequinoctium

575 2625 836 2668 vernum
882 2605 1120 2669 scilicet
1153 2605 1284 2669 Cal.
1321 2605 1454 2669 fere
1484 2606 1684 2687 April.
1720 2602 1997 2668 eiusdem
2046 2604 2195 2667 311111
2242 2621 2527 2685 egressus
2574 2608 2685 2684 est,
2735 2600 2903 2684 quod

577 2711 830 2793 quidem
875 2712 1261 2794 probabilius
1307 2717 1429 2793 est3
1476 2731 1625 2774 nam
1672 2730 1810 2775 cum
1858 2708 1993 2773 sine
2037 2709 2227 2775 dubio
2272 2708 2506 2774 diutius
2536 2709 2603 2772 111
2634 2707 2905 2775 Graecia

574 2818 806 2908 morari
852 2819 1060 2900 vellet,
1110 2825 1296 2883 certe.
1322 2816 1916 2900 opportunissimum
1962 2822 2207 2899 tempus
2252 2814 2335 2879 ad
2382 2816 2499 2879 iter
2545 2814 2904 2879 faciendum

575 2924 694 2987 sibi
727 2924 992 3006 elegisse
1023 2923 1338 3007 putandus
1369 2930 1480 3005 est,
1513 2943 1640 2987 11011
1669 2923 1946 2988 maxime
1975 2923 2280 3006 iniquum,
2314 2928 2383 2987 ut
2412 2922 2593 3016 Philo
2625 2919 2905 2987 Judaeus

573 3029 907 3111 legationis
964 3029 1189 3094 officiis
1241 3030 1586 3095 obstrictus
1682 3029 1917 3107 Quodsi
1962 3029 2284 3112 Adelphos
2331 3027 2468 3112 jam
2524 3034 2670 3091 ante
2724 3025 2907 3091 ludos

576 3134 870 3200 funebres
917 3136 987 3201 L.
1022 3137 1274 3203 Aemilii
1318 3136 1498 3203 Pauli
1545 3156 1603 3199 a.
1637 3136 1769 3199 594
1815 3135 2158 3200 celebratos
2202 3136 2474 3218 primum
2518 3141 2723 3198 actam
2768 3152 2906 3197 esse

579 3241 997 3335 concedimuS,
1056 3243 1248 3306 etiam
1295 3242 1474 3306 alteri
1520 3242 1809 3325 Hecyrae
1856 3242 2086 3306 actioni
2132 3241 2498 3306 Terentium
2537 3259 2664 3305 non
2718 3240 2906 3304 inter-

578 3346 773 3413 fuisse
801 3368 1007 3431 neque
1041 3340 1372 3432 prologum
1402 3349 1677 3431 priorem
1707 3349 2146 3432 conscripsisse
2176 3348 2555 3413 existumare
2584 3347 2904 3415 debemus,

790 3471 918 3537 Sed
978 3471 1150 3537 aliud
1207 3472 1398 3537 etiam
1459 3471 1729 3555 accedit,
1800 3493 1923 3555 quo
1954 3515 1959 3521 -
1992 3473 2147 3537 haec
2216 3471 2525 3537 sententia
2590 3472 2905 3554 probetur,

563 3579 943 3649 Terentium
984 3600 1110 3644 non
1131 3578 1265 3663 jam
1298 3581 1537 3644 Romae
1566 3578 1762 3644 fuisse
1791 3585 2203 3662 praesentem,
2252 3599 2391 3643 cum
2422 3578 2675 3660 Hecyra
2702 3576 2907 3642 denuo

583 3684 966 3769 exigeretur,
1033 3687 1288 3777 Terenti
1335 3686 1502 3751 enim
1547 3686 1963 3769 adversariuS,
2010 3686 2271 3750 Luscius
2300 3683 2685 3766 LanuvinuS,
2734 3683 2909 3748 cuius

584 3790 1048 3856 criminationes
1092 3793 1455 3857 Terentium
1501 3792 1788 3856 omnibus
1840 3792 1907 3855 in
1950 3792 2228 3875 prologis
2284 3790 2557 3855 refutare
2603 3789 2907 3871 videmuS‚

585 3915 738 3960 sane
783 3896 886 3959 hic
930 3906 1205 3962 nostrum
1252 3904 1502 3981 poetam
1547 3898 1907 3980 vituperare
1951 3897 2171 3979 potuit,
2232 3896 2400 3979 quod
2457 3896 2737 3961 fabulam
2772 3894 2910 3979 jam

586 4009 774 4067 antea
819 4010 1104 4067 exactam
1148 4004 1374 4068 iterum
1420 4011 1482 4068 et
1526 4004 1709 4068 tertio
1766 4003 2081 4067 retulerat.
2134 4041 2212 4051 --
2260 4003 2388 4069 Sed
2432 4002 2728 4067 Luscium
2784 4022 2911 4066 non

585 4108 973 4191 vituperasse
1016 4114 1267 4193 poetam
1301 4131 1380 4175 ex
1411 4130 1484 4175 eo
1516 4108 1803 4174 concludi
1833 4114 2055 4193 potest,
2104 4108 2271 4193 quod
2300 4114 2521 4174 neutro
2551 4108 2618 4172 in
2648 4108 2908 4192 prologo

585 4214 694 4279 ille
751 4234 820 4279 se
877 4213 1187 4298 defendit3
1263 4237 1410 4281 113111
1463 4216 1718 4281 Τ31·31111
1778 4214 2124 4281 adversarii
2191 4214 2385 4281 semel
2450 4211 2636 4280 modo
2702 4235 2763 4280 v.
2821 4215 2907 4278 46

808 4394 845 4462 ¹)
916 4394 982 4449 cf.
1001 4387 1384 4472 Fri'edlaender:
1411 4394 1939 4465 „Sittengeschichte
1957 4388 2157 4449 Roms“
2180 4394 2320 4451 1864
2336 4395 2442 4449 vol.
2464 4392 2535 4449 ΙΙ.
2554 4410 2610 4464 p.
2631 4390 2809 4461 10,“11,
2825 4396 2909 4449 13.
