3350 5059
1387 274 1827 337 -37-

443 461 537 521 est
593 453 986 535 Cornelio,
1046 472 1273 536 nempe
1341 452 1849 517 M..Gornelio
1905 453 2200 536 Cethego.
2295 453 2505 530 Quid?
2590 453 2779 531 Quod

441 562 623 627 alteri
671 579 920 643 quoque
977 558 1248 624 curatori
1305 557 1591 623 ludorum
1651 559 2007 624 funebrium
2064 580 2289 624 nomen
2337 566 2431 624 est
2475 564 2542 627 P.
2594 559 2776 625 Gor-

440 668 644 733 nelio
692 666 1052 749 Scipioni
1099 664 1444 729 Africano?
1527 666 1753 747 Itaque
1799 666 1988 731 facile
2032 664 2168 729 fieri
2210 666 2432 748 potuit,
2492 672 2562 731 ut
2604 673 2782 731 tanta

437 774 762 839 nominum
841 770 1250 837 similitudine
1328 772 1655 835 ambarum
1738 772 2072 865 actionum·
2128 771 2295 836 tituli
2368 772 2775 837 miscerentur

442 887 632 962 atque
687 880 1101 945 turbarentur.
1114 878 1161 959 ¹)
1253 878 1392 943 Huc
1450 878 1722 960 accedit,
1784 878 1951 960 quod
2008 878 2187 942 alteri
2243 878 2480 943 consuli
2538 900 2595 943 a.
2645 880 2775 943 592

441 1007 670 1051 nomen
717 990 850 1050 erat
897 983 964 1049 G.
996 984 1290 1049 Marcio
1321 984 1566 1067 Figulo,
1618 984 1800 1049 alteri
1848 978 2056 1050 autem
2102 984 2293 1049 aedili
2324 986 2521 1050 curuli
2554 1007 2610 1051 a.
2647 986 2777 1051 594

441 1094 514 1158 L.
561 1091 883 1175 MarciO,
935 1090 1103 1173 quod
1149 1091 1542 1174 cognoscitur
1589 1111 1667 1155 ex
1713 1091 2002 1175 Hecyrae
2048 1090 2475 1175 didascalia.2>

652 1215 758 1282 Sic
813 1216 1008 1298 igitur
1063 1214 1330 1279 fortasse
1389 1235 1559 1279 error
1614 1214 1819 1279 factus
1876 1220 1998 1279 est:
2077 1214 2566 1280 Arbitrabantur
2611 1217 2777 1281 enim

411 1322 854 1407 grammatici,
915 1342 1053 1385 cum
1099 1341 1292 1385 unam
1349 1320 1761 1386 didascaliam
1816 1340 1874 1384 a.
1924 1322 2053 1386 592
2100 1319 2184 1384 ad
2229 1322 2494 1385 alteram
2541 1343 2598 1386 a.
2648 1324 2779 1388 594

441 1430 782 1514 ascriptam
828 1429 1140 1511 legerent,
1200 1448 1430 1492 nomen
1475 1430 1543 1492 P.
1593 1426 1941 1493 Cornelii
2001 1427 2399 1511 Scipionis
2462 1426 2775 1517 [Nasicae]

441 1556 577 1601 esse
623 1534 1010 1619 duplicatum
1057 1554 1136 1598 ex
1163 1538 1232 1600 P.
1268 1534 1632 1599 Cornelio
1673 1534 2043 1618 Scipione
2092 1531 2461 1621 [Africano],
2510 1536 2774 1600 alterum

442 1648 654 1707 autem
699 1642 1014 1707 consulem
1061 1661 1118 1704 a.
1169 1641 1317 1724 592,
1379 1639 1445 1705 G.
1494 1642 1861 1705 Marcium
1906 1641 2220 1724 Figulum,
2280 1642 2587 1723 putabant
2642 1662 2777 1707 esse

442 1747 711 1813 aedilem
760 1748 1038 1811 curulem
1085 1769 1144 1812 a.
1194 1748 1344 1830 594,
1402 1747 1475 1811 L.
1523 1748 1913 1812 Marcium.
1995 1747 2133 1825 Quo
2180 1746 2387 1829 fiebat,
2434 1752 2505 1812 ut
2548 1769 2777 1813 nomen

438 1859 508 1921 P.
554 1853 827 1919 Cornelii
873 1853 1185 1937 Scipionis
1225 1853 1512 1938 Nasicae,
1562 1854 1733 1936 quod
1779 1860 1942 1919 esset
1982 1854 2387 1938 duplicatum,
2436 1860 2499 1917 et
2550 1874 2778 1920 nomen

442 1961 510 2025 G.
543 1960 818 2025 Marcii
849 1960 1078 2042 Figuli,
1128 1958 1298 2041 quod
1330 1966 1492 2025 esset
1523 1960 1595 2024 L.
1621 1960 1983 2043 Marcius,
2034 1960 2257 2025 aedilis
2289 1960 2518 2025 curulis
2550 1982 2605 2026 a.
2628 1963 2777 2045 594,

442 2066 713 2148 ideoque
789 2065 970 2130 ludos
1048 2065 1343 2131 funebres
1422 2068 1494 2130 L.
1567 2067 1823 2131 Aemilii
1897 2067 2077 2135 Pauli
2164 2065 2567 2132 celebrandos
2652 2088 2777 2132 non

445 2171 809 2258 curasset,3)
881 2192 961 2236 ex
1028 2172 1378 2237 didascalia
1444 2173 1955 2256 extinguerentur
2022 2193 2226 2255 neque
2302 2173 2432 2238 ulla
2509 2174 2781 2257 vestigia

441 2279 686 2362 primae
718 2277 1054 2361 Adelphon
1101 2279 1365 2343 actionis
1397 2280 1911 2361 relinquerentur.
1950 2320 2027 2327 —
2063 2281 2226 2344 Nam
2258 2280 2415 2343 alter
2446 2278 2780 2363 Adelphon

440 2385 770 2468 prologuS,
833 2404 956 2467 quo
1014 2385 1222 2449 nescio
1281 2405 1364 2449 an
1419 2386 1816 2469 grammatici
1872 2386 2251 2450 commoveri
2307 2385 2652 2468 potuerint,
2713 2392 2781 2450 ut

377 2552 380 2555 ,
440 2490 605 2556 hanc
638 2491 918 2556 fabulam
945 2492 1040 2556 bis
1072 2492 1138 2555 in
1168 2511 1422 2556 scenam
1445 2490 1661 2555 datam
1686 2510 1821 2555 esse
1846 2492 2025 2555 nobis
2047 2491 2383 2572 traderent,
2418 2511 2459 2554 a
2482 2492 2777 2557 Terentio

444 2598 698 2663 omnino
741 2618 869 2662 non
915 2598 1180 2681 scriptus
1227 2604 1339 2663 est.

656 2721 925 2805 Saepius
971 2726 1182 2785 autem
1228 2720 1464 2785 factum
1511 2729 1623 2803 est,
1669 2726 1741 2783 ut
1782 2726 2027 2784 veteres
2070 2720 2162 2783 illi
2209 2720 2623 2803 grammatici,
2672 2722 2780 2803 qui

445 2828 580 2892 sine
625 2828 753 2891 ullo
803 2826 1162 2891 discrimine
1205 2847 1333 2891 non
1378 2826 1565 2890 modo
1613 2825 2092 2890 commentarios
2123 2825 2619 2908 magistratuum,
2668 2828 2782 2891 sed

448 2933 607 2997 alios
675 2932 867 2996 etiam
936 2931 1170 3013 fonteS,
1242 2932 1531 3014 quamvis
1600 2937 1819 2995 tenues
1888 2936 2077 3011 atque
2145 2930 2315 2995 leves
2391 2930 2779 3016 adhiberent,

444 3039 796 3122 complures
843 3038 1120 3102 actiones
1163 3038 1232 3101 in
1276 3057 1469 3101 unam
1515 3034 1986 3100 confunderent.

658 3162 1016 3227 Verisimile
1062 3162 1255 3245 igitur
1301 3165 1412 3242 est,
1463 3158 1789 3242 Adelphos
1832 3158 2103 3241 primum
2135 3178 2270 3223 esse
2301 3167 2508 3224 actam
2539 3182 2596 3225 a.
2629 3182 2691 3225 u.
2727 3183 2781 3227 c.

445 3269 606 3350 5923
673 3288 798 3350 quo
844 3274 1087 3359 spectat
1132 3257 1388 3332 fabulae
1431 3265 1750 3350 prologus.
1784 3301 1871 3310 —
1902 3265 2127 3329 Relata
2172 3271 2381 3329 autem
2428 3273 2522 3330 est
2567 3266 2787 3332 fabula

445 3397 504 3440 a.
537 3395 600 3441 u.
635 3394 688 3438 c.
724 3374 855 3437 594
903 3373 1143 3438 eisdem
1187 3372 1354 3437 ludis
1399 3372 1785 3452 funebribus,
1834 3370 2059 3451 quibus
2089 3371 2343 3454 Hecyra
2385 3372 2612 3437 iterum
2654 3393 2785 3438 non

443 3487 704 3565 peracta
750 3486 862 3545 est.
2047 3490 2051 3495 ’

658 3587 718 3652 N
720 3607 802 3651 on
858 3602 1024 3670 nego
1082 3585 1246 3649 hanc
1313 3582 1689 3648 sententiam
1756 3601 1797 3645 a
1852 3600 1954 3645 me
2020 3581 2329 3673 prolatam
2397 3582 2789 3651 dubitatione

447 3712 575 3758 non
629 3713 884 3776 prorsus
940 3711 1188 3758 vacare.
1294 3688 1423 3754 Sed
1478 3708 1619 3753 cum
1673 3686 1810 3751 fieri
1867 3705 1993 3750 non
2049 3688 2264 3769 possit,
2323 3695 2393 3752 ut
2449 3688 2790 3773 Adelphon

669 3871 705 3934 ¹)
777 3872 897 3925 Hoc
935 3886 998 3925 eo
1035 3868 1246 3924 facilius
1280 3866 1398 3922 fieri
1433 3868 1625 3935 potuit,
1671 3866 1820 3935 quod
1855 3866 1911 3918 in
1948 3865 2253 3937 didascaliis
2286 3865 2624 3921 Terentianis
2664 3884 2793 3923 con-

448 3962 626 4015 sulum
664 3960 884 4013 nomina
919 3974 1028 4012 non
1064 3958 1362 4026 perscripta.
1406 3971 1522 4011 esse
1568 3956 1769 4021 solent3
1832 3953 2030 4006 omissa
2075 3953 2214 4005 enim
2260 3959 2387 4007 sunt
2433 3960 2529 4008 aut
2572 3956 2794 4011 nomina

443 4048 724 4116 gentilicia
758 4052 865 4102 aut.
892 4046 1231 4112 cognomina.

663 4152 700 4215 ²)
775 4152 843 4209 of.
882 4150 984 4206 nh.
1023 4152 1159 4206 Mus.
1197 4150 1366 4217 XXI„
1403 4165 1458 4218 p.
1500 4150 1584 4204 73.

661 4257 702 4323 3)
773 4258 996 4313 Aediles
1035 4258 1250 4313 curules
1284 4256 1445 4311 modo
1481 4254 1640 4309 ludos
1675 4252 1942 4325 publicone,
1996 4265 2104 4306 non
2146 4249 2389 4317 privatos
2437 4248 2799 4310 celebrandos

441 4346 728 4406 curabant.
