3350 5059
1383 372 1820 436 *350*

648 553 1023 638 „Exclamat
1066 552 1340 634 furem,
1386 571 1514 617 non
1557 556 1811 634 poetam
1854 550 2135 636 fabulam

647 660 918 726 Dedisse
961 664 1025 722 et
1069 658 1159 721 nil
1203 657 1454 723 dedisse
1497 658 1831 723 verborum
1876 663 2119 723 tamen:

649 766 939 831 Colacem
987 785 1092 829 ese
1137 765 1338 830 Naevi
1385 769 1448 829 et
1490 764 1720 846 Plauti,
1770 771 2045 830 veterem
2089 764 2387 849 fabulam,
2490 754 2497 761 ’

648 872 918 939 Parasiti
964 890 1295 956 personam
1341 869 1491 935 inde
1535 871 1813 937 ablatam
1860 877 1922 935 et
1966 871 2247 935 militis“.

651 978 1048 1063 Quapropter
1093 978 1350 1061 longum
1397 977 1699 1060 temporis
1743 978 2017 1061 spatium
2063 976 2255 1043 etiam
2286 978 2449 1043 inter
2478 978 2768 1044 Eunuchi

439 1093 502 1151 et
544 1086 880 1169 Adelphon
925 1085 1204 1150 actiones
1250 1084 1444 1149 fuisse
1489 1084 1726 1166 nequit.
1739 1084 1785 1168 ¹)
1873 1083 2052 1160 Quae
2098 1105 2236 1150 cum
2285 1085 2378 1149 ita
2420 1085 2562 1169 sint,
2609 1084 2771 1149 nihil

435 1198 656 1275 restat,
729 1212 918 1274 quam
987 1198 1057 1256 ut
1107 1190 1449 1273 Adelphon
1515 1190 1784 1273 primam
1852 1191 2165 1257 actionem
2230 1211 2540 1276 ponamus
2606 1192 2770 1257 inter

433 1298 1124 1365 Heautontimorumeni
1173 1304 1236 1361 et
1279 1295 1567 1362 Eunuchi
1614 1297 1912 1380 actiones,
1962 1298 2003 1363 i.
2054 1318 2109 1363 e.
2158 1317 2217 1363 a.
2267 1299 2417 1364 592.

647 1407 870 1487 Itaque
926 1422 1134 1470 rerum
1191 1402 1275 1467 ad
1329 1410 1657 1487 poetarum
1715 1403 1917 1468 rixam
1972 1404 2419 1487 pertinentium
2478 1404 2631 1471 ordo
2689 1424 2770 1470 ex

436 1512 548 1575 tali
607 1510 962 1576 fabularum
1020 1510 1240 1576 ordine
1293 1517 1575 1594 sumptus
1631 1530 1784 1575 sane
1841 1512 2183 1594 probabilis
2254 1519 2365 1577 est.
2467 1511 2768 1577 Videmus

438 1618 606 1682 enim
653 1638 732 1683 ex
776 1616 1056 1682 Andriae
1111 1618 1394 1701 prolog0,
1454 1617 1767 1699 Luscium,
1828 1637 1969 1682 cum
2012 1618 2231 1684 fabula
2285 1618 2397 1683 illa
2455 1624 2765 1702 ageretur,

435 1724 799 1790 Terentium
845 1724 1253 1808 vituperasse,
1323 1723 1492 1806 quod
1560 1725 1917 1790 comoedias
1986 1726 2565 1808 contaminavisset,
2636 1732 2769 1791 tum

436 1850 516 1895 ex
560 1830 1252 1900 Heautontimorumeni
1298 1831 1562 1914 prologo
1621 1829 1707 1918 [v.
1766 1828 1867 1918 16]
1928 1831 2103 1896 illum
2156 1832 2417 1897 iterasse
2471 1833 2770 1915 probrum

435 1955 636 2020 suum,
686 1957 1069 2020 quamquam
1113 1938 1312 2022 ipsius
1357 1937 1630 2019 fabulae,
1678 1957 1843 2020 quae
1888 1937 2144 2020 quidem
2189 1938 2613 2003 contaminata
2642 1959 2769 2005 non

435 2050 589 2126 erat,
651 2045 896 2110 actione
950 2044 1349 2128 vituperandi
1407 2045 1651 2110 occasio
1709 2064 1835 2109 non
1896 2051 2031 2109 erat
2089 2043 2257 2110 data.
2357 2046 2432 2109 In
2490 2045 2769 2111 eiusdem

441 2156 651 2214 autem
698 2150 951 2216 fabulae
997 2151 1242 2215 actione
1286 2152 1649 2216 Terentium
1697 2151 1887 2215 etiam
1936 2152 2060 2216 alio
2112 2152 2447 2217 maledicto
2492 2152 2767 2237 vexavit,

435 2274 664 2340 nempe
720 2257 800 2321 ab
859 2256 1080 2322 amicis
1136 2277 1279 2323 eum
1336 2257 1403 2321 in
1459 2256 1693 2323 fabulis
1746 2257 2193 2342 componendis
2254 2256 2539 2342 adjutum
2609 2278 2763 2343 esse,

435 2361 605 2444 quod
651 2363 905 2446 quidem
951 2364 1302 2429 convicium
1346 2362 1566 2428 itidem
1622 2364 1691 2429 in
1735 2364 2061 2448 Adelphis,
2120 2364 2337 2430 fabula
2392 2365 2765 2448 insequenti,

433 2468 718 2550 iteravit3
794 2476 1124 2553 praeterea
1193 2476 1404 2535 autem
1471 2469 1653 2553 furti,
1727 2471 1895 2537 tertii
1914 2472 1961 2548 2)
2032 2471 2357 2537 cuiusdam
2425 2472 2767 2555 opprobrii,

437 2576 759 2641 accusavit
810 2576 1019 2659 illum,
1077 2594 1266 2658 quam
1325 2576 1855 2660 criminationem,
1924 2578 2084 2643 sicut
2140 2584 2328 2643 antea
2385 2578 2653 2661 primam
2708 2583 2773 2642 et

437 2682 728 2765 alteram,
798 2682 1053 2748 iteravit
1115 2684 1181 2747 in
1235 2682 1522 2747 Eunuchi
1592 2683 1838 2748 actione
1896 2690 1959 2749 et
2014 2684 2275 2750 ridicule
2330 2683 2629 2750 sufflavit.
2687 2722 2769 2733 —-

371 2864 376 2867 ¹
433 2788 617 2853 Hunc
660 2806 868 2853 rerum
915 2789 1199 2854 ordinem
1244 2809 1369 2854 non
1416 2788 1634 2854 dubito
1678 2808 1795 2874 pro
1842 2810 1993 2856 vero
2038 2791 2342 2874 accipere.

645 2896 882 2977 Restat,
939 2902 1010 2959 ut
1055 2914 1448 2978 quaeramus,
1498 2894 1651 2977 quid
1696 2895 2084 2961 didascaliae
2130 2902 2192 2960 et
2235 2896 2469 2961 Donati
2523 2896 2771 2980 praefa-

434 2998 637 3064 tiones
691 3002 1054 3083 praebeant.
1114 3038 1201 3047 —-
1258 3001 1354 3066 Ac
1407 3002 1676 3085 primum
1739 3001 1992 3084 quidem
2051 3000 2406 3067 fabularum
2464 3003 2765 3087 ordinem,

435 3105 543 3187 qui
588 3111 762 3170 extat
790 3106 856 3169 in
889 3106 1252 3173 didascaliis
1287 3114 1350 3171 et
1380 3107 1446 3172 in
1469 3107 1704 3171 Donati
1738 3097 2247 3174 adnotationibus
2278 3109 2358 3173 de
2394 3094 2767 3192 consulibus,

433 3210 514 3275 de
557 3211 742 3295 ludis,
791 3212 872 3277 de
917 3213 1060 3278 aliis
1104 3215 1306 3296 rebus,
1355 3212 1803 3299 Dziatzkcness)
1855 3221 2071 3280 autore
2116 3232 2591 3299 componamus:

650 3391 685 3455 ¹)
756 3393 926 3447 Bosse
966 3390 1213 3462 opponit'
1229 3411 1282 3463 p.
1324 3396 1418 3449 16:
1483 3396 1827 3463 „Terentium
1862 3395 1919 3448 in
1955 3394 2247 3464 Adelphon
2293 3396 2519 3463 prologo
2556 3396 2771 3450 omnino

432 3493 542 3532 non
578 3496 822 3549 negasse,
880 3497 938 3537 se
974 3481 1174 3536 furtum
1211 3481 1418 3550 fecisse,
1464 3484 1567 3537 nisi
1602 3483 1705 3537 hoc
1732 3484 1849 3553 jam
1887 3484 1936 3537 ei
1973 3484 2177 3537 crimini
2223 3483 2410 3537 datum
2454 3488 2610 3551 esset,
2670 3484 2771 3539 nisi

435 3568 660 3623 similem
699 3570 1104 3624 accusationem
1140 3571 1421 3627 timuisset.
1497 3572 1665 3635 Quam
1706 3570 1775 3625 ob
1812 3587 1922 3625 rem
1950 3570 2233 3640 Adelphos
2270 3576 2416 3639 post
2451 3570 2772 3626 Eunuchum

435 3654 648 3711 demum
704 3663 884 3713 actam
940 3675 1056 3713 esse
1112 3655 1408 3727 „debere“3
1475 3676 1598 3713 nam
1655 3659 1889 3727 Adelph.
1946 3660 2080 3727 prol.
2137 3676 2226 3715 vv,
2286 3660 2449 3721 13s14
2502 3662 2771 3729 respicere

435 3748 833 3801 accusationem
879 3749 935 3801 in
980 3747 1230 3802 Eunuchi
1275 3749 1503 3817 prologo
1549 3748 1710 3802 nobis
1756 3749 1993 3803 oblatam
2006 3789 2020 3816 ‚
2077 3762 2273 3817 nempe
2316 3748 2516 3803 furtum
2564 3748 2772 3805 factum

433 3848 551 3887 esse
597 3851 630 3887 a
673 3831 975 3893 Terentio“.
1015 3866 1083 3875 --
1121 3836 1230 3891 Sed
1275 3837 1404 3891 mihi
1451 3838 1669 3907 quidem
1716 3838 1878 3891 etiam
1925 3852 1993 3891 ex
2037 3838 2301 3893 contrario
2346 3838 2590 3893 Eunuchi
2632 3842 2772 3907 prol.

430 3937 521 3976 vv.
549 3923 620 3977 20
643 3938 724 3991 sq.
749 3926 1022 3993 respicere
1059 3940 1218 3993 posse
1253 3926 1510 3980 videntur
1547 3927 1950 3981 accusationem
1986 3927 2043 3980 in
2066 3925 2300 3995 Adelph.
2326 3929 2461 3995 prol.
2488 3943 2577 3982 vv.
2607 3928 2773 3992 13s14

431 4026 465 4063 a
500 4016 663 4079 poeta
699 4010 1008 4069 refutatam.

646 4099 684 4162 2)
756 4102 923 4157 Furto
949 4118 1056 4155 non
1081 4114 1295 4170 prorsus
1320 4103 1460 4156 idem
1481 4100 1773 4171 significari
1791 4104 1909 4156 vult
1927 4107 2091 4169 poeta
2110 4108 2273 4171 atque
2291 4103 2771 4177 contaminatione3

429 4203 555 4241 nam
577 4190 962 4243 contaminatio
981 4190 1178 4243 dicitur
1199 4190 1268 4244 de
1287 4190 1472 4244 fabula
1490 4192 1659 4245 latina
1680 4208 1749 4245 ex
1767 4191 2129 4257 compluribus
2154 4192 2415 4259 graecis
2443 4193 2769 4258 composita,

427 4274 626 4330 furtum
653 4278 721 4331 de
740 4282 998 4347 personis,
1025 4294 1165 4347 quae
1187 4294 1255 4332 cx
1273 4279 1509 4346 priorum
1525 4284 1808 4347 poetarum
1829 4280 1981 4333 Rom
1995 4294 2262 4333 anorum
2288 4278 2487 4333 fabulis
2504 4286 2768 4347 sumptae

429 4369 485 4417 et
501 4365 558 4419 in
577 4379 775 4419 novam
793 4366 1033 4421 fabulam
1051 4368 1345 4421 translatae
1363 4372 1502 4421 sunt.
1544 4364 1633 4431 [cf.
1651 4367 1763 4421 Ad.
1780 4369 1915 4436 prol.
1935 4384 1987 4421 v.
2005 4369 2071 4421 13
2088 4382 2167 4435 sq.
2190 4374 2245 4421 et
2262 4368 2401 4421 Eun.
2420 4368 2556 4433 prol.
2575 4384 2632 4422 v.
2652 4366 2759 4433 ‘2=.).]

645 4451 683 4515 ⁸)
755 4454 860 4509 Rh.
899 4456 1035 4509 Mus.
1074 4455 1227 4510 XXI.
1264 4450 1585 4522 p.f·.‘2184—86.

1021 4564 1032 4573 -
1372 4567 1396 4585 κ
2344 4556 2418 4612 3-3·

669 4627 696 4657 0
