<?xml version="1.0" encoding="UTF-8"?>
<!DOCTYPE html PUBLIC "-//W3C//DTD XHTML 1.0 Transitional//EN"
    "http://www.w3.org/TR/xhtml1/DTD/xhtml1-transitional.dtd">
<html xmlns="http://www.w3.org/1999/xhtml" xml:lang="en" lang="en">
 <head>
  <title>
</title>
<meta http-equiv="Content-Type" content="text/html;charset=utf-8" />
  <meta name='ocr-system' content='tesseract 3.04.00' />
  <meta name='ocr-capabilities' content='ocr_page ocr_carea ocr_par ocr_line ocrx_word'/>
</head>
<body>
  <div class='ocr_page' id='page_1' title='image "./observationescr01schigoog_0058.png"; bbox 0 0 3350 5059; ppageno 0'>
   <div class='ocr_carea' id='block_1_1' title="bbox 1497 1158 1883 1287">
    <p class='ocr_par' dir='ltr' id='par_1_1' title="bbox 1497 1158 1883 1287">
     <span class='ocr_line' id='line_1_1' title="bbox 1497 1158 1883 1287; baseline 0 -2"><span class='ocrx_word' id='word_1_1' title='bbox 1497 1158 1883 1287; x_wconf 82' lang='lat' dir='ltr'><strong>Vita.</strong></span> 
     </span>
    </p>
   </div>
   <div class='ocr_carea' id='block_1_2' title="bbox 538 1405 2885 3400">
    <p class='ocr_par' dir='ltr' id='par_1_2' title="bbox 538 1405 2867 2126">
     <span class='ocr_line' id='line_1_2' title="bbox 750 1405 2865 1489; baseline -0 -18"><span class='ocrx_word' id='word_1_2' title='bbox 750 1406 1147 1472; x_wconf 87' lang='lat' dir='ltr'><strong>Hermannus</strong></span> <span class='ocrx_word' id='word_1_3' title='bbox 1192 1406 1360 1473; x_wconf 80' lang='lat' dir='ltr'><strong>Guil.</strong></span> <span class='ocrx_word' id='word_1_4' title='bbox 1409 1406 1640 1489; x_wconf 82' lang='lat' dir='ltr'><strong>Georg.</strong></span> <span class='ocrx_word' id='word_1_5' title='bbox 1689 1405 2016 1473; x_wconf 80' lang='lat' dir='ltr'><strong>Schindler</strong></span> <span class='ocrx_word' id='word_1_6' title='bbox 2060 1412 2244 1471; x_wconf 86' lang='lat' dir='ltr'><strong>natus</strong></span> <span class='ocrx_word' id='word_1_7' title='bbox 2288 1425 2425 1471; x_wconf 91' lang='lat' dir='ltr'><strong>sum</strong></span> <span class='ocrx_word' id='word_1_8' title='bbox 2468 1406 2865 1471; x_wconf 85' lang='lat' dir='ltr'><strong>Francofurti</strong></span> 
     </span>
     <span class='ocr_line' id='line_1_3' title="bbox 539 1511 2866 1596; baseline 0 -19"><span class='ocrx_word' id='word_1_9' title='bbox 539 1512 624 1577; x_wconf 88' lang='lat' dir='ltr'><strong>ad</strong></span> <span class='ocrx_word' id='word_1_10' title='bbox 667 1512 970 1579; x_wconf 87' lang='lat' dir='ltr'><strong>Viadrum</strong></span> <span class='ocrx_word' id='word_1_11' title='bbox 1013 1512 1118 1577; x_wconf 85' lang='lat' dir='ltr'><strong>siti</strong></span> <span class='ocrx_word' id='word_1_12' title='bbox 1162 1511 1266 1577; x_wconf 82' lang='lat' dir='ltr'><strong>die</strong></span> <span class='ocrx_word' id='word_1_13' title='bbox 1297 1512 1534 1577; x_wconf 88' lang='lat' dir='ltr'>XVIII.</span> <span class='ocrx_word' id='word_1_14' title='bbox 1567 1531 1764 1577; x_wconf 90' lang='lat' dir='ltr'><strong>mens.</strong></span> <span class='ocrx_word' id='word_1_15' title='bbox 1796 1513 1962 1595; x_wconf 85' lang='lat' dir='ltr'><strong>Aug.</strong></span> <span class='ocrx_word' id='word_1_16' title='bbox 2010 1531 2174 1577; x_wconf 89' lang='lat' dir='ltr'><strong>anno</strong></span> <span class='ocrx_word' id='word_1_17' title='bbox 2221 1512 2282 1577; x_wconf 93' lang='lat' dir='ltr'><strong>h.</strong></span> <span class='ocrx_word' id='word_1_18' title='bbox 2314 1530 2367 1577; x_wconf 87' lang='lat' dir='ltr'><strong>s.</strong></span> <span class='ocrx_word' id='word_1_19' title='bbox 2412 1512 2637 1577; x_wconf 90' lang='lat' dir='ltr'>LVIII.</span> <span class='ocrx_word' id='word_1_20' title='bbox 2686 1519 2866 1596; x_wconf 88' lang='lat' dir='ltr'><strong>patre</strong></span> 
     </span>
     <span class='ocr_line' id='line_1_4' title="bbox 539 1618 2865 1701; baseline -0 -18"><span class='ocrx_word' id='word_1_21' title='bbox 539 1618 918 1701; x_wconf 80' lang='lat' dir='ltr'>Hermanno,</span> <span class='ocrx_word' id='word_1_22' title='bbox 976 1624 1177 1683; x_wconf 85' lang='lat' dir='ltr'><strong>matre</strong></span> <span class='ocrx_word' id='word_1_23' title='bbox 1233 1619 1436 1683; x_wconf 86' lang='lat' dir='ltr'><strong>Maria</strong></span> <span class='ocrx_word' id='word_1_24' title='bbox 1491 1637 1527 1682; x_wconf 92' lang='lat' dir='ltr'><strong>e</strong></span> <span class='ocrx_word' id='word_1_25' title='bbox 1569 1625 1762 1701; x_wconf 84' lang='lat' dir='ltr'><strong>gente</strong></span> <span class='ocrx_word' id='word_1_26' title='bbox 1816 1619 2186 1701; x_wconf 86' lang='lat' dir='ltr'><strong>Hartmann,</strong></span> <span class='ocrx_word' id='word_1_27' title='bbox 2247 1638 2403 1701; x_wconf 91' lang='lat' dir='ltr'><strong>quos</strong></span> <span class='ocrx_word' id='word_1_28' title='bbox 2456 1618 2611 1683; x_wconf 90' lang='lat' dir='ltr'><strong>mihi</strong></span> <span class='ocrx_word' id='word_1_29' title='bbox 2667 1624 2865 1683; x_wconf 89' lang='lat' dir='ltr'><strong>morte</strong></span> 
     </span>
     <span class='ocr_line' id='line_1_5' title="bbox 541 1723 2865 1807; baseline 0 -18"><span class='ocrx_word' id='word_1_30' title='bbox 541 1729 785 1807; x_wconf 88' lang='lat' dir='ltr'><strong>ereptos</strong></span> <span class='ocrx_word' id='word_1_31' title='bbox 832 1739 968 1789; x_wconf 88' lang='lat' dir='ltr'><strong>esse</strong></span> <span class='ocrx_word' id='word_1_32' title='bbox 1009 1724 1198 1807; x_wconf 88' lang='lat' dir='ltr'><strong>lugeo</strong></span> <span class='ocrx_word' id='word_1_33' title='bbox 1251 1743 1441 1805; x_wconf 89' lang='lat' dir='ltr'><strong>quam</strong></span> <span class='ocrx_word' id='word_1_34' title='bbox 1487 1724 1780 1789; x_wconf 84' lang='lat' dir='ltr'><strong>maxime.</strong></span> <span class='ocrx_word' id='word_1_35' title='bbox 1872 1723 2177 1789; x_wconf 82' lang='lat' dir='ltr'><strong>Addictus</strong></span> <span class='ocrx_word' id='word_1_36' title='bbox 2220 1743 2360 1789; x_wconf 89' lang='lat' dir='ltr'><strong>sum</strong></span> <span class='ocrx_word' id='word_1_37' title='bbox 2403 1723 2553 1790; x_wconf 85' lang='lat' dir='ltr'><strong>fidei</strong></span> <span class='ocrx_word' id='word_1_38' title='bbox 2598 1743 2865 1807; x_wconf 85' lang='lat' dir='ltr'><strong>evange-</strong></span> 
     </span>
     <span class='ocr_line' id='line_1_6' title="bbox 538 1828 2864 1915; baseline 0 -20"><span class='ocrx_word' id='word_1_39' title='bbox 538 1829 716 1895; x_wconf 83' lang='lat' dir='ltr'><strong>licae.</strong></span> <span class='ocrx_word' id='word_1_40' title='bbox 811 1829 1225 1895; x_wconf 78' lang='lat' dir='ltr'><strong>Undecimum</strong></span> <span class='ocrx_word' id='word_1_41' title='bbox 1269 1850 1501 1896; x_wconf 86' lang='lat' dir='ltr'><strong>annum</strong></span> <span class='ocrx_word' id='word_1_42' title='bbox 1547 1850 1744 1913; x_wconf 84' lang='lat' dir='ltr'><strong>agens</strong></span> <span class='ocrx_word' id='word_1_43' title='bbox 1800 1829 1865 1893; x_wconf 89' lang='lat' dir='ltr'><strong>in</strong></span> <span class='ocrx_word' id='word_1_44' title='bbox 1913 1828 2195 1911; x_wconf 83' lang='lat' dir='ltr'><strong>quintam</strong></span> <span class='ocrx_word' id='word_1_45' title='bbox 2242 1831 2503 1895; x_wconf 77' lang='lat' dir='ltr'><strong>classem</strong></span> <span class='ocrx_word' id='word_1_46' title='bbox 2547 1830 2864 1915; x_wconf 82' lang='lat' dir='ltr'><strong>gymnasii</strong></span> 
     </span>
     <span class='ocr_line' id='line_1_7' title="bbox 539 1936 2867 2019; baseline 0 -19"><span class='ocrx_word' id='word_1_47' title='bbox 539 1936 952 2002; x_wconf 86' lang='lat' dir='ltr'><strong>Fridericiani</strong></span> <span class='ocrx_word' id='word_1_48' title='bbox 1006 1936 1285 2002; x_wconf 82' lang='lat' dir='ltr'><strong>Francos</strong></span> <span class='ocrx_word' id='word_1_49' title='bbox 1284 1937 1546 2002; x_wconf 80' lang='lat' dir='ltr'><strong>artensis</strong></span> <span class='ocrx_word' id='word_1_50' title='bbox 1602 1941 1890 2019; x_wconf 88' lang='lat' dir='ltr'><strong>receptus</strong></span> <span class='ocrx_word' id='word_1_51' title='bbox 1949 1954 2087 2000; x_wconf 87' lang='lat' dir='ltr'><strong>sum</strong></span> <span class='ocrx_word' id='word_1_52' title='bbox 2154 1942 2216 2001; x_wconf 91' lang='lat' dir='ltr'><strong>et</strong></span> <span class='ocrx_word' id='word_1_53' title='bbox 2283 1942 2422 2001; x_wconf 92' lang='lat' dir='ltr'><strong>octo</strong></span> <span class='ocrx_word' id='word_1_54' title='bbox 2489 1956 2602 2019; x_wconf 89' lang='lat' dir='ltr'><strong>per</strong></span> <span class='ocrx_word' id='word_1_55' title='bbox 2667 1955 2867 2002; x_wconf 88' lang='lat' dir='ltr'><strong>annos</strong></span> 
     </span>
     <span class='ocr_line' id='line_1_8' title="bbox 539 2041 1562 2126; baseline 0.001 -20"><span class='ocrx_word' id='word_1_56' title='bbox 539 2041 725 2107; x_wconf 88' lang='lat' dir='ltr'><strong>huius</strong></span> <span class='ocrx_word' id='word_1_57' title='bbox 767 2042 1018 2109; x_wconf 89' lang='lat' dir='ltr'><strong>scholae</strong></span> <span class='ocrx_word' id='word_1_58' title='bbox 1064 2042 1406 2126; x_wconf 86' lang='lat' dir='ltr'><strong>discipulus</strong></span> <span class='ocrx_word' id='word_1_59' title='bbox 1450 2043 1562 2108; x_wconf 89' lang='lat' dir='ltr'><strong>fui.</strong></span> 
     </span>
    </p>

    <p class='ocr_par' dir='ltr' id='par_1_3' title="bbox 540 2098 2885 3400">
     <span class='ocr_line' id='line_1_9' title="bbox 752 2098 2865 2234; baseline 0 -21"><span class='ocrx_word' id='word_1_60' title='bbox 752 2149 830 2213; x_wconf 91' lang='lat' dir='ltr'><strong>A.</strong></span> <span class='ocrx_word' id='word_1_61' title='bbox 877 2147 938 2214; x_wconf 92' lang='lat' dir='ltr'><strong>h.</strong></span> <span class='ocrx_word' id='word_1_62' title='bbox 971 2168 1019 2214; x_wconf 92' lang='lat' dir='ltr'><strong>s.</strong></span> <span class='ocrx_word' id='word_1_63' title='bbox 1062 2148 1383 2215; x_wconf 87' lang='lat' dir='ltr'>LXXVII.</span> <span class='ocrx_word' id='word_1_64' title='bbox 1431 2155 1713 2232; x_wconf 90' lang='lat' dir='ltr'><strong>tempore</strong></span> <span class='ocrx_word' id='word_1_65' title='bbox 1758 2148 2041 2234; x_wconf 88' lang='lat' dir='ltr'><strong>paschali</strong></span> <span class='ocrx_word' id='word_1_66' title='bbox 2087 2149 2465 2214; x_wconf 79' lang='lat' dir='ltr'><strong>maturitatis</strong></span> <span class='ocrx_word' id='word_1_67' title='bbox 2509 2098 2865 2214; x_wconf 88' lang='lat' dir='ltr'><strong>testimonio</strong></span> 
     </span>
     <span class='ocr_line' id='line_1_10' title="bbox 541 2253 2867 2339; baseline 0 -21"><span class='ocrx_word' id='word_1_68' title='bbox 541 2254 876 2319; x_wconf 86' lang='lat' dir='ltr'><strong>instructus</strong></span> <span class='ocrx_word' id='word_1_69' title='bbox 921 2254 1155 2337; x_wconf 86' lang='lat' dir='ltr'><strong>Lipsiis</strong></span> <span class='ocrx_word' id='word_1_70' title='bbox 1205 2274 1319 2339; x_wconf 88' lang='lat' dir='ltr'><strong>per</strong></span> <span class='ocrx_word' id='word_1_71' title='bbox 1374 2255 1471 2319; x_wconf 89' lang='lat' dir='ltr'><strong>bis</strong></span> <span class='ocrx_word' id='word_1_72' title='bbox 1524 2274 1636 2319; x_wconf 85' lang='lat' dir='ltr'><strong>sex</strong></span> <span class='ocrx_word' id='word_1_73' title='bbox 1682 2275 1927 2320; x_wconf 88' lang='lat' dir='ltr'><strong>menses</strong></span> <span class='ocrx_word' id='word_1_74' title='bbox 1975 2253 2136 2338; x_wconf 86' lang='lat' dir='ltr'><strong>juris</strong></span> <span class='ocrx_word' id='word_1_75' title='bbox 2181 2256 2449 2320; x_wconf 83' lang='lat' dir='ltr'><strong>Romani</strong></span> <span class='ocrx_word' id='word_1_76' title='bbox 2494 2253 2718 2319; x_wconf 83' lang='lat' dir='ltr'><strong>studiis</strong></span> <span class='ocrx_word' id='word_1_77' title='bbox 2762 2253 2867 2319; x_wconf 85' lang='lat' dir='ltr'><strong>de-</strong></span> 
     </span>
     <span class='ocr_line' id='line_1_11' title="bbox 542 2360 2863 2446; baseline 0 -21"><span class='ocrx_word' id='word_1_78' title='bbox 542 2360 710 2426; x_wconf 87' lang='lat' dir='ltr'><strong>ditus</strong></span> <span class='ocrx_word' id='word_1_79' title='bbox 754 2380 912 2426; x_wconf 89' lang='lat' dir='ltr'><strong>sum.</strong></span> <span class='ocrx_word' id='word_1_80' title='bbox 1002 2362 1164 2425; x_wconf 89' lang='lat' dir='ltr'><strong>Tum</strong></span> <span class='ocrx_word' id='word_1_81' title='bbox 1194 2360 1556 2426; x_wconf 88' lang='lat' dir='ltr'><strong>Berolinum</strong></span> <span class='ocrx_word' id='word_1_82' title='bbox 1601 2360 1752 2444; x_wconf 82' lang='lat' dir='ltr'><strong>adii,</strong></span> <span class='ocrx_word' id='word_1_83' title='bbox 1801 2366 1870 2426; x_wconf 93' lang='lat' dir='ltr'><strong>ut</strong></span> <span class='ocrx_word' id='word_1_84' title='bbox 1888 2360 2299 2446; x_wconf 62' lang='lat' dir='ltr'><strong>philologiae</strong></span> <span class='ocrx_word' id='word_1_85' title='bbox 2340 2380 2596 2444; x_wconf 81' lang='lat' dir='ltr'><strong>operam</strong></span> <span class='ocrx_word' id='word_1_86' title='bbox 2627 2360 2863 2425; x_wconf 85' lang='lat' dir='ltr'><strong>darem.</strong></span> 
     </span>
     <span class='ocr_line' id='line_1_12' title="bbox 540 2465 2863 2550; baseline -0.001 -17"><span class='ocrx_word' id='word_1_87' title='bbox 540 2466 802 2533; x_wconf 86' lang='lat' dir='ltr'><strong>Scholas</strong></span> <span class='ocrx_word' id='word_1_88' title='bbox 875 2472 1085 2532; x_wconf 89' lang='lat' dir='ltr'><strong>autem</strong></span> <span class='ocrx_word' id='word_1_89' title='bbox 1158 2465 1584 2550; x_wconf 88' lang='lat' dir='ltr'><strong>frequentavi,</strong></span> <span class='ocrx_word' id='word_1_90' title='bbox 1663 2486 1823 2549; x_wconf 84' lang='lat' dir='ltr'><strong>quas</strong></span> <span class='ocrx_word' id='word_1_91' title='bbox 1895 2466 2246 2533; x_wconf 88' lang='lat' dir='ltr'><strong>habuerunt</strong></span> <span class='ocrx_word' id='word_1_92' title='bbox 2300 2467 2423 2532; x_wconf 87' lang='lat' dir='ltr'><strong>viri</strong></span> <span class='ocrx_word' id='word_1_93' title='bbox 2490 2466 2863 2532; x_wconf 78' lang='lat' dir='ltr'><strong>doctissimi:</strong></span> 
     </span>
     <span class='ocr_line' id='line_1_13' title="bbox 541 2572 2863 2657; baseline -0 -20"><span class='ocrx_word' id='word_1_94' title='bbox 541 2572 807 2655; x_wconf 83' lang='lat' dir='ltr'><strong>Curtius,</strong></span> <span class='ocrx_word' id='word_1_95' title='bbox 854 2572 1102 2654; x_wconf 79' lang='lat' dir='ltr'><strong>Hams,</strong></span> <span class='ocrx_word' id='word_1_96' title='bbox 1148 2572 1426 2655; x_wconf 78' lang='lat' dir='ltr'><strong>Hubner,</strong></span> <span class='ocrx_word' id='word_1_97' title='bbox 1485 2573 1768 2657; x_wconf 88' lang='lat' dir='ltr'><strong>Kiepert‚</strong></span> <span class='ocrx_word' id='word_1_98' title='bbox 1827 2573 2175 2656; x_wconf 87' lang='lat' dir='ltr'><strong>Kirchhoff,</strong></span> <span class='ocrx_word' id='word_1_99' title='bbox 2235 2574 2523 2656; x_wconf 85' lang='lat' dir='ltr'><strong>Paulsen,</strong></span> <span class='ocrx_word' id='word_1_100' title='bbox 2582 2573 2863 2655; x_wconf 86' lang='lat' dir='ltr'><strong>Scherer,</strong></span> 
     </span>
     <span class='ocr_line' id='line_1_14' title="bbox 542 2676 2868 2761; baseline 0 -18"><span class='ocrx_word' id='word_1_101' title='bbox 542 2678 789 2760; x_wconf 79' lang='lat' dir='ltr'><strong>Tobler,</strong></span> <span class='ocrx_word' id='word_1_102' title='bbox 836 2677 918 2743; x_wconf 86' lang='lat' dir='ltr'><strong>de</strong></span> <span class='ocrx_word' id='word_1_103' title='bbox 961 2676 1349 2760; x_wconf 84' lang='lat' dir='ltr'><strong>Treitschke,</strong></span> <span class='ocrx_word' id='word_1_104' title='bbox 1383 2678 1646 2761; x_wconf 85' lang='lat' dir='ltr'><strong>Vahlen,</strong></span> <span class='ocrx_word' id='word_1_105' title='bbox 1695 2680 1918 2744; x_wconf 86' lang='lat' dir='ltr'><strong>Zeller.</strong></span> <span class='ocrx_word' id='word_1_106' title='bbox 1965 2716 2054 2725; x_wconf 90' lang='lat'><strong>—-</strong></span> <span class='ocrx_word' id='word_1_107' title='bbox 2099 2680 2264 2744; x_wconf 88' lang='lat' dir='ltr'><strong>Ante</strong></span> <span class='ocrx_word' id='word_1_108' title='bbox 2309 2680 2424 2744; x_wconf 85' lang='lat' dir='ltr'><strong>hos</strong></span> <span class='ocrx_word' id='word_1_109' title='bbox 2468 2678 2626 2745; x_wconf 84' lang='lat' dir='ltr'><strong>duos</strong></span> <span class='ocrx_word' id='word_1_110' title='bbox 2671 2698 2868 2744; x_wconf 89' lang='lat' dir='ltr'><strong>annos</strong></span> 
     </span>
     <span class='ocr_line' id='line_1_15' title="bbox 540 2784 2869 2869; baseline 0 -20"><span class='ocrx_word' id='word_1_111' title='bbox 540 2785 738 2849; x_wconf 86' lang='lat' dir='ltr'><strong>Halas</strong></span> <span class='ocrx_word' id='word_1_112' title='bbox 781 2784 1099 2850; x_wconf 85' lang='lat' dir='ltr'><strong>Saxonum</strong></span> <span class='ocrx_word' id='word_1_113' title='bbox 1146 2804 1248 2849; x_wconf 92' lang='lat' dir='ltr'><strong>me</strong></span> <span class='ocrx_word' id='word_1_114' title='bbox 1292 2785 1523 2850; x_wconf 89' lang='lat' dir='ltr'><strong>contuli</strong></span> <span class='ocrx_word' id='word_1_115' title='bbox 1577 2784 1793 2867; x_wconf 89' lang='lat' dir='ltr'><strong>ibique</strong></span> <span class='ocrx_word' id='word_1_116' title='bbox 1845 2805 2042 2868; x_wconf 88' lang='lat' dir='ltr'><strong>usque</strong></span> <span class='ocrx_word' id='word_1_117' title='bbox 2100 2784 2184 2850; x_wconf 87' lang='lat' dir='ltr'><strong>ad</strong></span> <span class='ocrx_word' id='word_1_118' title='bbox 2236 2784 2357 2850; x_wconf 91' lang='lat' dir='ltr'><strong>hoc</strong></span> <span class='ocrx_word' id='word_1_119' title='bbox 2411 2792 2657 2869; x_wconf 88' lang='lat' dir='ltr'><strong>tempus</strong></span> <span class='ocrx_word' id='word_1_120' title='bbox 2700 2786 2869 2851; x_wconf 83' lang='lat' dir='ltr'><strong>viros</strong></span> 
     </span>
     <span class='ocr_line' id='line_1_16' title="bbox 541 2879 2885 2977; baseline -0 -21"><span class='ocrx_word' id='word_1_121' title='bbox 541 2890 962 2957; x_wconf 87' lang='lat' dir='ltr'><strong>doctissimos:</strong></span> <span class='ocrx_word' id='word_1_122' title='bbox 1037 2891 1497 2975; x_wconf 88' lang='lat' dir='ltr'><strong>Dittenberger‚</strong></span> <span class='ocrx_word' id='word_1_123' title='bbox 1545 2891 1888 2975; x_wconf 77' lang='lat' dir='ltr'><strong>Dummler,</strong></span> <span class='ocrx_word' id='word_1_124' title='bbox 1935 2891 2276 2974; x_wconf 84' lang='lat' dir='ltr'><strong>Erdmann,</strong></span> <span class='ocrx_word' id='word_1_125' title='bbox 2325 2891 2589 2975; x_wconf 76' lang='lat' dir='ltr'><strong>Grosche‚</strong></span> <span class='ocrx_word' id='word_1_126' title='bbox 2620 2879 2885 2977; x_wconf 34' lang='lat' dir='ltr'><strong>‘Hayms</strong></span> 
     </span>
     <span class='ocr_line' id='line_1_17' title="bbox 543 2996 2867 3083; baseline 0.001 -22"><span class='ocrx_word' id='word_1_127' title='bbox 543 2996 760 3078; x_wconf 89' lang='lat' dir='ltr'><strong>Hiller‚</strong></span> <span class='ocrx_word' id='word_1_128' title='bbox 819 2997 986 3078; x_wconf 91' lang='lat' dir='ltr'><strong>Keil,</strong></span> <span class='ocrx_word' id='word_1_129' title='bbox 1042 2996 1284 3062; x_wconf 86' lang='lat' dir='ltr'><strong>Zacher</strong></span> <span class='ocrx_word' id='word_1_130' title='bbox 1339 2998 1576 3064; x_wconf 85' lang='lat' dir='ltr'><strong>audivi.</strong></span> <span class='ocrx_word' id='word_1_131' title='bbox 1623 3034 1712 3045; x_wconf 88' lang='lat'><strong>--</strong></span> <span class='ocrx_word' id='word_1_132' title='bbox 1766 2998 2097 3065; x_wconf 90' lang='lat' dir='ltr'><strong>Seminarii</strong></span> <span class='ocrx_word' id='word_1_133' title='bbox 2155 2997 2520 3083; x_wconf 84' lang='lat' dir='ltr'><strong>philologici</strong></span> <span class='ocrx_word' id='word_1_134' title='bbox 2573 3018 2686 3082; x_wconf 88' lang='lat' dir='ltr'><strong>per</strong></span> <span class='ocrx_word' id='word_1_135' title='bbox 2743 2997 2867 3063; x_wconf 87' lang='lat' dir='ltr'><strong>duo</strong></span> 
     </span>
     <span class='ocr_line' id='line_1_18' title="bbox 542 3102 2868 3188; baseline 0.001 -21"><span class='ocrx_word' id='word_1_136' title='bbox 542 3102 868 3167; x_wconf 89' lang='lat' dir='ltr'><strong>semestria</strong></span> <span class='ocrx_word' id='word_1_137' title='bbox 911 3103 1004 3168; x_wconf 89' lang='lat' dir='ltr'><strong>fui</strong></span> <span class='ocrx_word' id='word_1_138' title='bbox 1051 3102 1284 3168; x_wconf 87' lang='lat' dir='ltr'><strong>sodalis</strong></span> <span class='ocrx_word' id='word_1_139' title='bbox 1314 3103 1697 3187; x_wconf 82' lang='lat' dir='ltr'><strong>ordinarius;</strong></span> <span class='ocrx_word' id='word_1_140' title='bbox 1742 3109 2071 3187; x_wconf 85' lang='lat' dir='ltr'><strong>praeterea</strong></span> <span class='ocrx_word' id='word_1_141' title='bbox 2100 3104 2298 3169; x_wconf 91' lang='lat' dir='ltr'><strong>Hiller</strong></span> <span class='ocrx_word' id='word_1_142' title='bbox 2329 3112 2392 3169; x_wconf 90' lang='lat' dir='ltr'><strong>et</strong></span> <span class='ocrx_word' id='word_1_143' title='bbox 2420 3104 2568 3170; x_wconf 90' lang='lat' dir='ltr'><strong>Keil</strong></span> <span class='ocrx_word' id='word_1_144' title='bbox 2599 3105 2868 3188; x_wconf 88' lang='lat' dir='ltr'><strong>benigne</strong></span> 
     </span>
     <span class='ocr_line' id='line_1_19' title="bbox 541 3208 2867 3293; baseline 0.001 -20"><span class='ocrx_word' id='word_1_145' title='bbox 541 3208 974 3292; x_wconf 88' lang='lat' dir='ltr'><strong>permiserunt,</strong></span> <span class='ocrx_word' id='word_1_146' title='bbox 1022 3214 1092 3273; x_wconf 92' lang='lat' dir='ltr'><strong>ut</strong></span> <span class='ocrx_word' id='word_1_147' title='bbox 1125 3210 1528 3275; x_wconf 87' lang='lat' dir='ltr'><strong>societatibus</strong></span> <span class='ocrx_word' id='word_1_148' title='bbox 1561 3210 1959 3293; x_wconf 85' lang='lat' dir='ltr'><strong>philologieis</strong></span> <span class='ocrx_word' id='word_1_149' title='bbox 1989 3210 2372 3276; x_wconf 88' lang='lat' dir='ltr'><strong>interessem.</strong></span> <span class='ocrx_word' id='word_1_150' title='bbox 2444 3210 2683 3288; x_wconf 81' lang='lat' dir='ltr'><strong>Quibus</strong></span> <span class='ocrx_word' id='word_1_151' title='bbox 2714 3210 2867 3276; x_wconf 85' lang='lat' dir='ltr'><strong>viris</strong></span> 
     </span>
     <span class='ocr_line' id='line_1_20' title="bbox 543 3314 2865 3400; baseline 0 -19"><span class='ocrx_word' id='word_1_152' title='bbox 543 3314 830 3381; x_wconf 90' lang='lat' dir='ltr'><strong>omnibus</strong></span> <span class='ocrx_word' id='word_1_153' title='bbox 873 3315 1109 3397; x_wconf 88' lang='lat' dir='ltr'><strong>optime</strong></span> <span class='ocrx_word' id='word_1_154' title='bbox 1153 3314 1233 3379; x_wconf 88' lang='lat' dir='ltr'><strong>de</strong></span> <span class='ocrx_word' id='word_1_155' title='bbox 1277 3334 1380 3379; x_wconf 92' lang='lat' dir='ltr'><strong>me</strong></span> <span class='ocrx_word' id='word_1_156' title='bbox 1424 3316 1662 3380; x_wconf 89' lang='lat' dir='ltr'><strong>meritis</strong></span> <span class='ocrx_word' id='word_1_157' title='bbox 1707 3315 1952 3381; x_wconf 87' lang='lat' dir='ltr'><strong>debitas</strong></span> <span class='ocrx_word' id='word_1_158' title='bbox 2005 3316 2245 3399; x_wconf 84' lang='lat' dir='ltr'><strong>gratias</strong></span> <span class='ocrx_word' id='word_1_159' title='bbox 2300 3335 2547 3400; x_wconf 87' lang='lat' dir='ltr'><strong>semper</strong></span> <span class='ocrx_word' id='word_1_160' title='bbox 2599 3316 2865 3383; x_wconf 88' lang='lat' dir='ltr'><strong>habeb0.</strong></span> 
     </span>
    </p>
   </div>
   <div class='ocr_carea' id='block_1_3' title="bbox 1411 3584 2054 3880">
    <p class='ocr_par' dir='ltr' id='par_1_4' title="bbox 1411 3584 2054 3880">
     <span class='ocr_line' id='line_1_21' title="bbox 1411 3584 2054 3880; baseline 0 1179"><span class='ocrx_word' id='word_1_161' title='bbox 1411 3584 2054 3880; x_wconf 95' lang='lat' dir='ltr'><strong> </strong></span> 
     </span>
    </p>
   </div>
  </div>
 </body>
</html>
