3350 5059
1549 393 1626 401 --
1721 354 1807 417 24
1900 392 1978 402 ...-

593 532 848 597 easdem
907 532 1203 597 lectiones
1259 539 1448 614 atque
1504 552 1721 597 omnes
1791 532 1934 597 libri
2002 539 2111 597 aut
2176 540 2344 597 certe
2410 532 2665 597 easdem
2738 537 2931 612 atque

593 638 989 703 Victorianus
1044 644 1108 704 et
1165 638 1364 703 altera
1417 639 1704 703 codicum
1772 638 2017 703 familia
2086 638 2403 704 exhibent.
2504 636 2931 701 Trecentos

594 750 806 810 autem
852 752 916 809 et
971 746 1390 829 sexaginta
1443 746 1578 810 fere
1621 746 1793 809 locos
1838 746 1973 809 sive
2030 766 2071 808 a
2113 745 2474 810 Victoriano
2533 744 2665 809 solo
2710 744 2846 807 sive
2892 764 2933 806 a

567 852 955 917 'Victoriano
1011 859 1074 917 et
1131 853 1331 917 altera
1386 852 1670 917 codicum
1740 851 1987 916 familia
2053 851 2188 916 sive
2256 852 2334 915 ab
2405 850 2691 916 omnibus
2756 850 2933 915 libris

593 956 1031 1023 dissentientes
1104 961 1364 1042 praebet
1435 962 1748 1042 Donatus3
1847 958 2105 1040 reliquis
2182 958 2702 1041 quadraginta
2780 956 2933 1022 locis

595 1085 738 1129 cum
787 1065 1149 1131 Victoriano
1221 1064 1309 1155 [et
1363 1063 1727 1153 Decurtato]
1800 1072 2016 1130 contra
2083 1085 2299 1131 omnes
2366 1064 2691 1129 consentit.
2806 1062 2933 1129 Sed

593 1171 720 1235 illis
765 1172 1187 1256 quadraginta
1230 1174 1385 1238 locis
1429 1194 1554 1238 non
1601 1172 1898 1254 adducor,
1957 1178 2027 1237 ut
2072 1172 2325 1237 credam
2369 1172 2800 1236 Victorianum
2854 1191 2934 1235 ex

594 1280 845 1343 Donato
892 1278 1174 1345 refictum
1221 1285 1284 1344 et
1329 1280 1671 1344 Victoriani
1718 1280 2033 1361 lectiones,
2095 1298 2527 1361 quaecumque
2580 1299 2621 1342 a
2676 1278 2934 1360 reliquis

593 1384 770 1450 libris
827 1386 1153 1469 recedunt,
1227 1407 1307 1451 ex
1361 1387 1596 1451 Donati
1654 1386 2101 1451 commentario
2157 1384 2473 1469 profectas
2532 1405 2696 1467 esse,
2764 1385 2933 1467 quod

595 1492 851 1574 quidem
918 1492 1457 1576 Umpfenbachius
1523 1492 1869 1576 proposuit.
1941 1532 2028 1540 —
2096 1493 2260 1557 Huic
2340 1492 2507 1556 enim
2586 1492 2934 1557 sententiae

596 1598 788 1663 etiam
836 1600 1010 1664 aliud
1056 1600 1359 1682 quiddam
1405 1620 1760 1683 repugnare
1805 1600 2086 1683 videtur;
2156 1598 2721 1665 demonstravimus
2768 1598 2936 1663 enim

595 1724 787 1788 supra
835 1704 918 1793 [p.
947 1706 1196 1795 21s22],
1246 1728 1387 1772 cum
1419 1707 1500 1772 de
1529 1707 1827 1773 Arusiani
1860 1706 2166 1789 exemplis
2198 1712 2509 1791 ageretur,
2558 1726 2638 1770 ex
2680 1706 2935 1771 tribus

597 1813 903 1895 exemplis
959 1814 1210 1878 Donato
1267 1819 1331 1879 et
1374 1814 1736 1879 Victoriano
1794 1815 2224 1879 communibus
2292 1813 2440 1878 duo
2509 1818 2755 1895 extare,
2826 1812 2933 1877 ubi

597 1920 789 1983 etiam
846 1920 1195 1986 Arusianus
1252 1941 1393 1985 cum
1450 1920 1576 1984 illis
1634 1922 2029 1987 consentiret.
2092 1958 2177 1967 ——·
2236 1919 2489 2002 Optimo
2544 1919 2740 2003 igitur
2790 1918 2935 2002 jure

594 2027 973 2110 putabimus,
1023 2029 1214 2092 etiam
1260 2028 1508 2092 illorum
1555 2026 1982 2116 quadr—aginta
2010 2028 2288 2092 locorum
2317 2026 2662 2091 maximam
2691 2031 2935 2109 partem

597 2134 664 2197 in
717 2133 894 2198 libris
952 2134 1031 2198 ab
1088 2135 1400 2199 Arusiano
1458 2135 1774 2218 usurpatis
1830 2135 2052 2200 eodem
2106 2133 2295 2199 modo
2352 2134 2651 2216 scriptam
2719 2131 2931 2197 fuisse.

811 2328 1130 2405 Quaecum
1177 2331 1269 2394 ita
1313 2331 1456 2413 sint,
1505 2350 1690 2395 nemo
1736 2330 1996 2413 negabit
2024 2331 2189 2395 hanc
2220 2327 2708 2413 Umpfenbachii
2740 2327 2937 2410 expli-

598 2436 908 2500 cationem
956 2455 1092 2501 esse
1137 2437 1617 2519 improbandam
1668 2434 1997 2523 [Philolog.
2032 2437 2310 2502 XXXII.
2358 2457 2421 2519 p.
2470 2433 2658 2522 444]:
2708 2435 2937 2518 „Lasst

597 2542 732 2606 sich
777 2543 910 2607 also
957 2542 1073 2607 das
1129 2563 1242 2608 aus
1299 2543 1412 2608 der
1457 2544 1825 2626 Recension,
1873 2543 2112 2608 welche
2169 2542 2281 2609 der
2327 2542 2668 2608 Bembinus
2709 2548 2935 2624 repra·
3036 2594 3046 2603 ,

597 2648 848 2731 sentirt‚
921 2649 1090 2714 dann
1147 2649 1263 2713 das
1331 2669 1446 2714 aus
1503 2649 1849 2736 Galliopius
1916 2650 2048 2715 und
2114 2649 2378 2716 drittens
2446 2649 2561 2714 das
2630 2667 2744 2713 aus
2812 2647 2936 2713 den

598 2754 959 2820 erhaltenen
1015 2756 1505 2821 Donatscholien
1562 2758 1629 2819 in
1674 2757 1837 2822 Dc.
1895 2755 2313 2839 gekommene
2371 2754 2501 2820 Gut
2567 2754 2758 2819 leicht
2826 2752 2943 2819 auf

597 2846 769 2926 seine
828 2861 1092 2939 Quellen
1149 2863 1630 2947 zuriickfiihren,
1702 2883 1771 2927 so
1838 2862 2084 2927 bleibt
2150 2862 2276 2926 fiir
2345 2861 2487 2927 den
2550 2863 2735 2927 Rest
2802 2859 2937 2926 der

596 2968 1000 3051 Lesarten,
1045 2990 1156 3034 wo
1203 2971 1376 3037 D.(}.
1427 2970 1993 3051 alleinstehen,
2038 2968 2415 3033 zunachst
2460 2969 2655 3035 auch
2700 2969 2937 3035 dona-

596 3074 890 3139 tischer
950 3076 1353 3160 Ursprung
1410 3098 1498 3141 zu
1556 3076 2085 3141 vermuthen.“

812 3252 919 3318 Sic
962 3253 1173 3336 potius
1217 3260 1592 3319 statuemus:
1641 3254 2027 3336 „LibrariuS,
2078 3254 2186 3337 qui
2232 3255 2643 3339 archetypum
2674 3255 2937 3319 Victori-

599 3360 704 3424 ani
751 3360 1017 3443 scripsit,
1067 3368 1316 3442 praeter
1362 3360 1607 3425 codices
1655 3381 1735 3425 ex
1780 3361 1893 3425 illa
1947 3361 2195 3426 familia
2249 3360 2485 3445 ductOS,
2544 3383 2733 3444 quam
2780 3364 2937 3427 Aru-

598 3468 812 3533 sianus
867 3468 1224 3551 usurpavit,
1283 3468 1474 3533 etiam
1532 3468 1746 3533 codice
1803 3468 2016 3551 aliquo
2073 3470 2451 3534 recensionis
2507 3469 2938 3552 Calliopianae

598 3594 746 3639 usus
793 3581 904 3657 est,
954 3574 1063 3657 qui
1109 3575 1410 3641 nonnulla
1439 3574 1678 3640 scholia
1725 3595 1805 3639 ex
1836 3576 2071 3641 Donati
2118 3584 2467 3642 commento
2515 3575 2829 3659 descripta
2872 3575 2940 3641 in

601 3682 885 3765 margine
932 3681 1245 3765 exhibuit3
1317 3683 1492 3747 cuius
1538 3682 1771 3748 codicis
1815 3683 2153 3747 lectionum
2198 3683 2371 3747 haud
2415 3702 2682 3764 parvum
2727 3703 2941 3747 nume-

600 3809 739 3852 rum
785 3788 850 3853 in
897 3794 1138 3853 textum
1183 3789 1436 3873 recepit,
1486 3810 1609 3872 quo
1659 3790 1849 3855 etiam
1896 3809 2213 3872 perpauca
2258 3788 2497 3854 scholia
2526 3789 2939 3872 irrepserunt3

601 3916 805 3978 pauca
864 3895 1092 3960 deinde
1147 3896 1386 3961 scholia
1443 3896 1509 3960 in
1564 3896 1915 3979 marginem
1973 3915 2052 3959 ex
2108 3893 2217 3959 1110
2285 3894 2500 3960 codice
2569 3900 2944 3979 transcripta

603 4009 748 4066 sunt
795 3999 897 4089 [cf.
947 4002 1284 4086 Umpfenb.
1333 4002 1533 4086 praef.
1581 4024 1644 4086 p.
1694 4004 1841 4069 XX.
1891 4001 2103 4068 adnot.
2155 4000 2239 4091 2].
2333 4002 2461 4069 Sed
2519 4004 2691 4068 solae
2738 4003 2944 4068 Victo-

602 4108 765 4172 riani
811 4108 1110 4173 lectiones
1157 4109 1288 4174 fere
1347 4129 1562 4174 omnes
1619 4117 1682 4175 et
1738 4130 1973 4193 magna
2020 4130 2270 4193 quoque
2316 4130 2462 4193 pars
2507 4110 2757 4174 illarum
2805 4130 2948 4174 cum

604 4214 922 4279 codicibus
959 4215 1343 4302 recensionis
1369 4215 1802 4300 Galliopianae
1834 4218 2309 4301 congruentium
2341 4222 2831 4299 repraesentant,
2880 4222 2949 4280 ut

597 4306 736 4393 jam
781 4341 972 4404 supra
1017 4321 1582 4387 demonstravimus
1631 4321 1715 4410 [p.
1771 4322 1873 4411 19]
1890 4374 1907 4406 ,
1968 4324 2219 4389 tertiam
2278 4321 2565 4388 codicum
2617 4321 2945 4406 familiam,

606 4426 841 4508 quippe
887 4446 1077 4509 quam
1125 4429 1476 4494 Arusianus
1522 4429 1945 4495 adhibuerit“.
