3350 5059
1560 988 1720 1103 ΙΙ.

734 1186 939 1298 Quo
1013 1192 1466 1321 tempore
1542 1182 1952 1293 Terenti
2029 1180 2528 1320 Adelphoe

1140 1362 1582 1499 primum
1659 1367 1884 1470 acta
1958 1360 2114 1471 sit.

678 1578 1132 1644 Wilmannsius
1153 1582 1200 1661 ¹)
1263 1578 1504 1662 primus
1561 1575 1891 1643 ostendere
1947 1576 2214 1659 studuit,
2284 1576 2610 1661 Adelphos
2666 1574 2803 1659 jam

465 1691 612 1750 ante
669 1706 728 1750 a.
777 1686 928 1769 594,
999 1705 1124 1768 quo
1180 1691 1464 1768 tempore
1518 1683 1803 1748 fabulam
1860 1689 2067 1747 actam
2126 1702 2263 1748 esse
2318 1702 2396 1747 ex
2454 1682 2803 1747 didascalia

465 1792 749 1875 intellegi
779 1797 1004 1876 potest,
1039 1791 1106 1855 in
1135 1810 1387 1855 scenam
1419 1790 1636 1855 datam
1671 1809 1837 1873 esse3
1871 1788 1955 1853 ad
1979 1810 2171 1872 quam
2195 1790 2469 1873 priorem
2492 1789 2804 1854 actionem

465 1899 781 1983 pertinere
849 1898 1104 1963 fabulae
1169 1898 1519 1981 prologum.
1584 1935 1665 1943 —
1725 1897 1908 1962 Hanc
1962 1896 2360 1961 Wilmannsii
2428 1896 2804 1961 sententiam

469 2006 618 2071 olim
663 2006 956 2088 probavit
1000 2005 1364 2083 Dziatzko2)
1413 2023 1681 2086 eumque
1728 2012 1977 2069 secutus
2023 2010 2117 2069 est
2162 2003 2705 2068 Paeckelmannus
2721 2004 2802 2085 ³13

473 2112 584 2176 sed
615 2112 785 2194 quod
815 2113 1079 2177 alteram
1104 2111 1556 2194 quaestionem,
1591 2130 1716 2192 quo
1740 2117 2022 2195 tempore
2054 2110 2212 2176 haec
2240 2110 2448 2195 prima
2470 2109 2805 2193 Adelphon
2902 2116 2911 2121 '

475 2218 632 2283 actio
676 2218 849 2283 facta
894 2224 1076 2301 esset,
1124 2218 1246 2282 viri
1293 2217 1460 2282 docti
1507 2217 1716 2282 adhuc
1759 2238 1885 2282 non
1915 2218 2069 2282 satis
2103 2217 2511 2301 probabiliter
2541 2216 2805 2282 solvisse

472 2323 789 2409 videntur,
857 2324 1167 2390 dubitatio
1223 2323 1445 2388 relicta
1514 2330 1639 2406 est,
1710 2345 1858 2389 num
1932 2324 2185 2390 omnino
2243 2324 2355 2389 illa
2401 2323 2802 2388 Wilmannsii

471 2432 782 2497 sententia
826 2430 1154 2514 probanda
1198 2432 1300 2496 sit.

682 2536 824 2615 Qua
867 2559 936 2604 re
982 2559 1108 2604 non
1153 2538 1376 2603 inutile
1421 2556 1558 2603 esse
1603 2538 1824 2622 putavi
1872 2558 2003 2603 rem
2046 2538 2255 2603 denuo
2286 2544 2688 2621 pertractare,
2736 2545 2807 2602 ut

471 2645 601 2710 alia
645 2644 1126 2729 argumentandi
1172 2644 1279 2709 via
1323 2644 1484 2709 inita
1527 2644 1704 2709 illam
1751 2646 2183 2728 quaestionem
2228 2645 2669 2728 persolverem.

681 2752 1132 2817 Wilmannsius
1162 2751 1355 2835 igitur
1375 2758 1714 2836 propterea
1743 2752 2139 2836 potissimum
2170 2751 2453 2835 putabat,
2479 2750 2806 2834 Adelphos

467 2856 597 2940 jam
655 2864 802 2923 ante
855 2880 913 2923 a.
963 2859 1094 2923 594
1154 2858 1426 2942 primum
1485 2878 1622 2924 esse
1677 2870 1904 2941 actam,
1972 2857 2142 2940 quod
2198 2856 2454 2923 fabulae
2506 2858 2807 2941 prologus

471 2984 512 3027 a
554 2969 744 3046 poeta
788 2965 1110 3047 aliquanto
1156 2964 1359 3029 lenius
1403 2965 1672 3048 scriptus
1718 2971 1885 3029 esset
1929 2985 2119 3047 quam
2165 2963 2583 3047 posteriorum
2627 2964 2806 3031 fabu-

471 3069 673 3133 larum
730 3071 1005 3155 prologi,
1076 3071 1167 3135 ita
1224 3078 1293 3136 ut
1350 3091 1475 3136 non
1533 3071 1617 3136 ad
1683 3071 1995 3135 actionem
2058 3071 2234 3135 illam
2301 3091 2359 3135 a.
2420 3091 2481 3137 u.
2540 3091 2593 3137 c.
2651 3072 2803 3154 594,

468 3176 882 3259 penultimam
939 3178 1234 3259 omnium,
1295 3198 1458 3260 quae
1503 3177 1803 3243 Terentio
1859 3177 2008 3245 vivo
2064 3177 2274 3243 factae
2329 3183 2492 3260 sunt,
2552 3177 2665 3243 sed
2722 3177 2806 3242 ad

468 3283 744 3366 priorem
790 3284 1107 3367 quandam
1151 3284 1514 3367 pertineret.
1562 3322 1650 3331 —
1698 3283 1884 3361 Quod
1928 3291 2367 3369 argumentum
2413 3284 2583 3351 Guil.
2615 3285 2806 3369 Wag-

469 3410 658 3455 nerus
668 3391 724 3475 4)
771 3391 864 3456 sic
907 3390 991 3455 ad
1036 3391 1279 3456 irritum
1337 3391 1628 3476 redigere
1684 3392 1923 3458 studet:
2002 3393 2115 3475 „in
2160 3390 2498 3474 Adelphon
2542 3391 2805 3475 prologo

468 3496 835 3563 Terentium
889 3498 1084 3561 multo
1142 3497 1474 3563 demissius
1541 3499 1818 3564 locutum
1887 3517 2053 3580 esse,
2125 3518 2313 3580 quam
2369 3497 2674 3563 Eunucho
2744 3505 2807 3564 et

470 3603 846 3670 Phormione
903 3611 1090 3669 antea
1143 3624 1441 3689 prospere
1497 3605 1768 3689 peractis
1826 3611 2243 3688 exspectares,
2316 3604 2486 3685 quod
2531 3604 2808 3690 Hecyra,

397 3728 407 3737 ·
474 3729 636 3791 quae
682 3710 920 3776 eisdem
966 3712 1130 3777 ludis
1184 3711 1549 3777 funebribus
1604 3711 1798 3795 paulo
1854 3718 2001 3776 ante
2046 3709 2371 3794 Adelphos
2427 3711 2496 3775 in
2553 3730 2806 3777 scenam

471 3814 623 3879 data
668 3823 848 3900 esset,
897 3819 1123 3884 iterum
1170 3818 1623 3902 spectatoribus
1667 3837 1795 3882 non
1839 3818 2107 3902 probata
2151 3823 2333 3900 esset,
2381 3824 2451 3883 ut
2490 3817 2558 3882 in
2599 3818 2806 3902 prima

469 3921 716 3987 actione
771 3944 827 3988 a.
878 3925 1008 3989 589
1068 3924 1302 3991 facta“.
1363 3962 1450 3971 —
1508 3924 1637 3990 Sed
1693 3924 1801 4007 qui
1860 3923 1996 3989 fieri
2055 3925 2289 4008 potuit,
2347 3931 2419 3990 ut
2472 3926 2805 3991 Terentius

686 4102 721 4165 ¹)
795 4104 1018 4158 Dissert.
1045 4102 1176 4171 phil.
1214 4105 1377 4158 Berol
1433 4106 1595 4159 1864:
1635 4104 1740 4173 „de
1777 4103 2087 4159 didascaliis
2122 4098 2499 4159 Terentianis“
2534 4121 2589 4173 p.
2614 4106 2684 4159 49
2722 4120 2803 4175 sq.

682 4209 723 4272 ²)
794 4209 896 4265 Rh.
935 4211 1055 4265 Mus
1109 4209 1259 4265 XXI.
1299 4226 1350 4275 p.
1393 4212 1460 4266 79
1495 4227 1576 4279 sq.
1616 4240 1684 4250 —
1724 4212 1793 4265 cf.
1829 4210 2001 4280 praef.
2040 4208 2275 4277 Adelph.
2315 4212 2452 4265 1881
2490 4226 2545 4279 p.
2586 4212 2670 4266 16.

682 4313 722 4377 ⁸)
792 4317 1018 4371 Dissert.
1055 4316 1187 4386 phil.
1224 4316 1349 4371 Hal.
1390 4318 1554 4372 1875:
1593 4317 1697 4385 „de
1733 4318 1921 4373 ordine
1956 4318 2017 4374 P.
2056 4318 2279 4372 Terenti
2313 4314 2671 4375 fabularum“.

681 4420 723 4472 ⁴)
797 4422 1020 4485 „Jahrb
1057 4423 1093 4478 f.
1134 4418 1362 4479 Philol.“
1403 4424 1539 4478 1865
1575 4439 1629 4491 p.
1669 4424 1789 4478 290.
