3350 5059
427 488 677 554 familia
720 507 866 552 usos
913 506 1068 552 esse.
1082 489 1128 573 ¹)
1221 486 1328 551 Sic
1383 503 1633 567 quoque
1688 502 1788 548 res
1846 502 1914 547 se
1961 482 2153 548 habet
2195 482 2357 547 Eun.
2406 480 2501 563 V.‚
2553 482 2613 562 2,
2661 479 2768 562 44,

427 596 536 661 ubi
583 595 926 661 Bembinus
971 594 1096 677 „ab
1143 593 1284 675 isto,
1334 594 1486 657 era“
1531 591 1813 675 praebet,
1861 590 2212 655 Arusianus
2269 594 2333 653 et
2374 587 2773 653 Victorianus

431 704 556 787 „ab
602 704 723 767 isto
778 702 1118 782 chaerea“,
1168 699 1514 783 Calliopius
1559 705 1772 763 autem
1818 698 1943 779 „ab
1989 697 2155 761 istoc
2210 696 2383 761 era“.
2429 732 2517 741 —-
2560 694 2775 759 Etiam

431 810 553 875 Ad.
582 809 678 893 V.‚
714 810 774 892 8,
811 810 894 874 26
927 808 1237 891 scriptura
1266 806 1508 889 „foris“
1540 804 1839 869 Arusiani
1883 808 1946 867 et
1974 802 2339 884 Victoriani,
2389 821 2554 883 quae
2587 806 2776 865 antea

433 917 499 981 in
530 916 851 987 codicibus
880 913 1260 979 recensionis
1284 912 1548 994 Calliop.
1576 910 1783 976 fuerat
1820 906 1909 995 [P.
1923 911 1961 991 ¹,
1980 907 2133 996 01],
2168 930 2209 973 a
2230 908 2505 974 librariis
2538 905 2775 997 [arche-

434 1029 655 1109 typum
689 1021 984 1105 Calliopii
1029 1016 1544 1105 describentibus]
1592 1023 1837 1083 mutata
1882 1023 1977 1081 est
2019 1016 2087 1081 in
2130 1015 2388 1100 „foras“
2437 1012 2581 1103 [P.2,
2627 1012 2773 1101 G.2].

648 1182 688 1249 J
691 1203 796 1247 am
842 1182 1012 1247 idem
1058 1180 1340 1263 intellegi
1387 1185 1594 1263 potest
1639 1197 1719 1243 ex

436 1308 598 1372 Eun.
648 1307 745 1389 V.‚
797 1310 857 1389 6,
915 1306 1022 1369 19:
1072 1305 1287 1389 „quod
1331 1303 1739 1368 minitaris“
1786 1304 1970 1367 Aras.

1069 1411 1283 1495 „quod
1328 1410 1703 1475 minitare“
1790 1410 1865 1473 R.
1914 1407 2070 1473 Gall.

536 1574 539 1577 .
1287 1518 1616 1601 „minare“
1795 1516 1930 1580 rell.

440 1635 503 1692 et
549 1646 630 1691 ex
673 1627 823 1691 Hec.
857 1626 986 1708 IV.,
1022 1626 1084 1707 4,
1119 1626 1233 1689 64:
1283 1624 1506 1708 „oravi
1552 1629 1761 1689 tecum
1806 1642 2065 1688 uxorem
2112 1622 2414 1687 duce1·es“
2462 1642 2585 1687 om.
2619 1624 2777 1705 „ut“

377 1789 382 1793 .
438 1733 805 1815 ArusianuS,
852 1731 1275 1816 suprascripto
1321 1731 1477 1814 „ut“
1522 1729 1865 1796 Parisinus,

652 1874 1051 1956 Quamquam
1097 1878 1310 1937 autem
1355 1870 1563 1935 adhuc
1605 1890 1732 1935 non
1778 1877 2039 1954 constat,
2085 1890 2209 1953 quo
2240 1878 2522 1956 tempore
2552 1870 2778 1938 Callio-

343 1979 348 1983 ’
437 1982 585 2065 pius
628 1980 888 2047 Terenti
943 1978 1191 2045 fabulas
1249 1978 1736 2061 „recensuerit“,
1797 1984 2035 2043 certum
2095 1984 2189 2043 est
2242 1979 2417 2043 illam
2473 1980 2779 2045 recensio-

437 2109 587 2154 nem
657 2086 895 2151 factam
961 2106 1087 2150 non
1155 2105 1322 2168 esse,
1393 2091 1735 2167 antequam
1803 2084 2079 2168 codices,
2150 2105 2309 2168 quos
2362 2087 2709 2151 Arusianus
2728 2087 2775 2170 ¹)

438 2194 806 2277 usurpabat,
855 2192 1068 2276 scripti
1113 2199 1275 2257 sunt.

653 2336 878 2418 Itaque
923 2334 1133 2419 colligi
1179 2340 1442 2419 possunt
1485 2333 1673 2400 haec:

550 2462 606 2525 1.
656 2460 991 2525 Primum
1037 2458 1416 2543 calliopium
1462 2460 1547 2525 ad
1591 2459 2042 2524 recensendum
2087 2459 2280 2525 libros
2323 2460 2782 2543 manuscriptos

654 2566 1035 2649 adhibuisse,
1096 2566 1236 2661 qui.
1263 2566 1348 2629 ad
1404 2564 1670 2631 eandem
1726 2565 2034 2631 familiam
2090 2567 2525 2651 pertinuerunt
2591 2573 2781 2650 atque

650 2673 798 2738 libri
844 2672 1161 2738 Arusiani.
1563 2675 1566 2678 ’

546 2814 609 2879 2.
656 2814 958 2879 Deinde
988 2834 1115 2879 non
1145 2811 1332 2878 modo
1364 2813 1508 2877 illas
1537 2813 1854 2895 lectiones,
1890 2834 2048 2897 quas
2069 2815 2418 2881 Arusianus
2450 2821 2513 2880 et
2535 2815 2783 2881 codices

655 2919 1034 3005 Galliopiani
1091 2920 1414 3002 praebent,
1475 2918 1587 2983 sed
1641 2920 1835 2984 etiam
1889 2941 2189 3003 magnam
2244 2929 2491 3005 partem
2544 2942 2779 3007 earum,

655 3047 821 3110 quae
867 3032 931 3092 et
974 3026 1041 3090 in
1069 3024 1433 3091 Victoriano
1480 3031 1544 3089 et
1587 3026 1653 3088 in
1696 3026 1871 3091 libris
1902 3025 2312 3111 Calliopianis
2357 3034 2593 3112 extant,
2641 3050 2783 3114 pro-

655 3134 855 3199 fectas
913 3152 1050 3198 esse
1113 3152 1263 3197 non
1321 3152 1410 3198 ex
1466 3132 1920 3198 recensione
1974 3132 2449 3220 Calliopii,²)
2520 3135 2635 3202 sed
2701 3157 2782 3203 ex

654 3240 829 3306 fonte
876 3240 1150 3323 quodam
1199 3246 1262 3304 et
1305 3238 1618 3304 Arusiano
1665 3244 1729 3303 et
1774 3238 2084 3326 Galliopio
2132 3247 2194 3306 et
2246 3242 2503 3308 librario
2550 3244 2784 3310 codicis

654 3347 999 3413 Victoriani
1044 3348 1378 3413 communi.

549 3489 612 3553 3.
658 3470 1128 3555 Postremum
1158 3490 1505 3554 maximam
1533 3496 1779 3574 partem
1814 3489 2170 3572 lectionum,
2206 3510 2365 3573 quas
2384 3491 2785 3559 Victorianus

659 3596 829 3661 solus
875 3603 1092 3661 contra
1137 3616 1354 3663 omnes
1401 3596 1676 3679 exhibet,
1724 3597 2039 3681 pertinere
2094 3596 2178 3662 ad
2232 3596 2541 3663 familiam
2597 3599 2783 3667 libro-

665 3806 701 3874 ¹)
771 3809 838 3865 cf.
874 3827 928 3880 p.
965 3814 1052 3867 26.

663 3931 702 3997 ²)
776 3934 1106 3991 Arusianum
1141 3942 1373 3992 aetatem
1411 3937 1586 4006 egisse
1630 3941 1824 4007 quarto
1871 3938 2091 3993 saeculo
2139 3944 2369 3993 exeunte
2415 3944 2643 3995 constat.
2715 3938 2782 3994 cf.

444 4022 568 4077 Keil
605 4020 776 4090 praef.
813 4040 867 4091 p.
905 4024 1028 4079 447.

661 4144 699 4211 ³)
775 4146 1054 4204 Librarius
1089 4150 1254 4219 igitur
1289 4149 1592 4205 Victor-iani
1639 4166 1827 4205 omncs
1873 4151 1993 4204 illas
2036 4150 2295 4205 lectiones
2340 4167 2448 4205 non
2484 4152 2540 4205 in
2575 4156 2783 4205 textum

445 4237 653 4304 recepit
697 4252 765 4291 ex
802 4237 1008 4306 codice,
1063 4240 1155 4307 qui
1203 4240 1502 4307 „integram
1548 4240 1913 4293 recensionem
1950 4238 2342 4308 Calliopianam
2387 4236 2680 4299 exhibuit“.
2725 4245 2788 4293 ut

445 4320 878 4392 Umpfenbachio
915 4326 1155 4399 videturt,
1211 4327 1308 4382 sed
1344 4333 1399 4383 et
1433 4327 1526 4382 ille
1561 4332 1618 4381 et
1653 4326 1952 4395 Calliopius
1988 4328 2176 4383 eodem
2214 4328 2507 4398 archetypo
2542 4328 2625 4382 usi
2662 4334 2788 4382 sunt

449 4408 557 4477 [vel
593 4412 745 4467 libris
781 4429 850 4467 ex
887 4414 1080 4469 eodem
1115 4416 1408 4487 archetypo
1445 4412 1661 4481 ductis].

2360 4517 2426 4575 2*
