3350 5059
1482 324 1921 388 -30-

533 506 787 589 Hecyra
831 524 955 571 non
1000 511 1260 589 peracta
1304 509 1436 567 tam
1485 504 1659 569 brevi
1713 504 1918 586 spatio
1975 509 2121 567 ante
2167 501 2502 585 Adelphon
2558 502 2871 566 actionem

534 612 766 679 novum
812 612 1142 695 prologum
1173 611 1516 676 scriberet?
1561 610 1726 675 Nam
1758 609 1890 673 ludi
1923 609 2217 674 funebres
2248 608 2541 674 videntur
2573 607 2871 675 celebrati

535 740 672 785 esse
717 739 848 813 per¹
874 737 1108 803 paucos
1154 716 1308 799 dies,
1358 723 1548 800 atque
1594 715 1767 781 haud
1810 716 1939 781 3310
1988 738 2067 781 311
2116 736 2275 781 1111113
2321 715 2457 781 11133
2500 715 2583 781 311
2624 714 2875 780 fabulas

535 825 817 911 agendas
863 825 1212 890 destinatus
1257 824 1355 889 sit.
1370 825 1418 908 ¹)
1456 861 1537 869 —
1569 823 1698 889 Sed
1744 823 1797 889 si
1842 822 2039 889 nihilo
2087 824 2293 888 minus
2324 824 2655 907 prologum
2696 822 2874 887 illum

537 932 620 998 ad
679 933 939 998 alteram
997 931 1308 996 actionem
1363 932 1676 1013 pertinere
1734 915 2046 1013 putamuS,
2106 930 2331 998 mirum
2379 929 2647 1011 videtur,
2703 929 2875 993 nullo

537 1040 784 1124 prologi
831 1040 967 1105 loco
1013 1039 1329 1122 Hecyram
1385 1039 1576 1121 paulo
1616 1044 1769 1111 ‚ante
1816 1044 2101 1101 exactam
2150 1037 2644 1120 commemorari,
2705 1036 2876 1102 velut

537 1147 604 1210 in
650 1145 932 1211 Andriae
979 1152 1042 1210 et
1083 1144 1481 1212 Phormionis
1527 1144 1827 1228 prologis

748 1293 1084 1356 Praeterea
1118 1288 1470 1372 Wagnerus
1510 1294 1727 1352 contra
1756 1287 2158 1352 Wilmannsii
2190 1288 2565 1352 sententiam
2596 1287 2878 1371 disputat

536 1396 724 1461 haec:
795 1394 1132 1477 Adelphon
1178 1396 1334 1478 prol.
1384 1416 1444 1460 v.
1497 1396 1581 1459 22
1627 1414 1755 1477 sq.:
1826 1393 2099 1476 „dehinc
2142 1415 2223 1459 113
2268 1394 2645 1478 exspectetis
2691 1415 2875 1478 argu-

540 1509 816 1567 mentum
873 1501 1172 1566 fabulae“
1230 1508 1346 1567 cet.
1407 1508 1658 1585 poetam
1720 1501 1987 1567 irrisisse
2044 1501 2464 1584 adversarios,
2523 1501 2631 1584 qui
2686 1508 2875 1567 antea

538 1610 605 1674 in
659 1609 1056 1674 Phormionis
1113 1610 1360 1675 actione
1414 1610 1592 1673 illum
1661 1606 2195 1692 objurgavissent,
2267 1608 2436 1692 quod
2506 1615 2876 1693 argumenta

537 1718 896 1781 fabularum
950 1716 1018 1779 in
1071 1716 1352 1799 prologis
1377 1718 1386 1729 “
1409 1735 1669 1781 11311313
1737 1715 2055 1798 nequiret,
2126 1716 2300 1781 velut
2367 1716 2432 1781 in
2486 1716 2879 1783 Phormionis

539 1823 696 1907 prol.
745 1844 805 1888 v,
862 1823 942 1887 13
988 1842 1113 1904 sq.:

752 1966 977 2048 „Nunc
1021 1965 1074 2029 si
1123 1965 1264 2047 quis
1312 1971 1423 2047 est,
1474 1965 1582 2047 qui
1628 1965 1748 2031 hoc
1794 1964 1965 2029 dicat
2010 1970 2119 2030 aut
2166 1964 2255 2030 sic
2301 1964 2563 2049 cogitet:

541 2072 736 2137 Vetus
781 2072 834 2136 si
881 2078 1070 2155 poeta
1114 2091 1242 2136 non
1286 2071 1639 2137 lacessisset
1684 2072 1875 2155 prior,

541 2178 795 2243 Nullum
842 2178 1127 2243 invenire
1172 2178 1505 2261 prologum
1547 2184 1762 2261 posset
1808 2179 2048 2243 novos“
2094 2183 2210 2244 cet.

753 2319 910 2385 Inde
969 2340 1304 2405 apparere,
1365 2320 1703 2403 Adelphon
1766 2320 2098 2403 prologum
2157 2340 2294 2385 esse
2361 2321 2659 2405 scriptum
2739 2329 2883 2406 post

542 2427 1048 2494 Phormionem“.
1097 2465 1184 2473 —-—
1230 2427 1358 2493 Sed
1413 2447 1638 2511 parum
1697 2426 2040 2492 verisimile
2097 2433 2217 2511 est,
2274 2427 2638 2493 Terentium
2696 2447 2881 2510 quem

543 2534 610 2599 in
656 2533 934 2618 prologis
979 2554 1227 2618 semper
1269 2536 1482 2617 palam
1531 2541 1724 2617 atque
1770 2540 1987 2617 aperte
2018 2554 2156 2599 cum
2190 2534 2571 2599 adversariis
2598 2554 2885 2618 pugnare

544 2641 863 2724 videmus,
926 2640 1018 2706 ita
1073 2646 1143 2705 ut
1201 2647 1623 2724 spectatorum
1680 2640 1938 2705 arbitrio
1996 2648 2238 2724 utatur,
2307 2641 2411 2705 hic
2466 2647 2635 2707 tecta
2690 2644 2883 2708 verba

546 2748 789 2831 fecisse,
839 2767 1002 2829 quae
1047 2753 1430 2831 spectatores
1475 2748 1844 2831 intellegere
1889 2747 1999 2813 vix
2044 2744 2399 2830 potuerunt.

756 2891 1094 2955 Praeterea
1139 2890 1369 2973 nescio,
1418 2910 1527 2956 cur
1557 2890 1889 2955 Terentius
1934 2889 2332 2955 adversarios
2373 2910 2498 2955 non
2530 2896 2663 2955 tum
2694 2892 2886 2957 etiam

547 2997 828 3079 irriserit,
878 3017 1018 3061 cum
1050 2998 1302 3081 Hecyra
1333 2998 1559 3063 iterum
1592 2998 1918 3081 agebatur,
1969 3017 2159 3079 quam
2191 2999 2501 3062 actionem
2531 2998 2888 3081 Wagnerus

548 3105 684 3188 ipse
731 3110 878 3169 ante
925 3105 1188 3169 alteram
1220 3103 1558 3187 Adelphon
1605 3104 1888 3169 collocat.
1961 3102 2358 3185 Quamquam
2400 3104 2567 3170 enim
2598 3106 2889 3189 Hecyrae

547 3211 847 3294 prologus
913 3210 1086 3293 prior
1127 3194 1412 3275 ⁴mancus
1482 3217 1604 3292 331,
1684 3216 1898 3275 13111311
1964 3217 2217 3293 poetam
2293 3210 2412 3276 hoc
2488 3212 2553 3275 in
2624 3212 2886 3295 prologo

550 3317 948 3383 adversarios
993 3316 1102 3399 sic,
1150 3322 1220 3380 ut
1264 3317 1326 3379 in
1373 3314 1711 3398 Adelphon
1754 3318 2037 3399 prologo,
2097 3316 2369 3382 ludibrio
2422 3338 2549 3382 non
2595 3317 2890 3383 habuisse

549 3424 955 3491 manifestum
1001 3429 1126 3505 est3
1189 3442 1338 3486 nam
1387 3427 1566 3487 certe·
1597 3423 1931 3488 Terentius
1978 3423 2233 3489 easdem
2280 3425 2713 3491 cavillationes
2758 3432 2889 3489 tam

552 3532 727 3597 brevi
773 3532 976 3615 spatio
1021 3529 1377 3595 intermisso
1425 3549 1550 3594 non
1597 3529 1869 3596 iteravit.

769 3710 806 3775 ¹)
875 3712 1062 3766 Livius
1099 3712 1268 3775 XLI„
1317 3712 1388 3765 28
1441 3716 1626 3765 narrat
1671 3710 1834 3765 haec:
1900 3711 2158 3779 „Munera
2211 3711 2571 3779 gladiatorum
2628 3727 2693 3766 eo
2748 3727 2891 3767 anno

557 3798 686 3867 [scil.
725 3817 774 3855 a.
812 3817 863 3854 u.
905 3817 953 3854 3.
991 3797 1114 3865 578]
1173 3800 1406 3867 aliquot,
1476 3815 1649 3868 parva
1696 3799 1804 3853 alia
1849 3799 2003 3853 data:
2066 3816 2233 3853 unum
2278 3805 2405 3855 ante
2452 3804 2635 3855 cetera
2682 3802 2893 3870 insigne

552 3888 656 3943 fuit
689 3889 753 3943 T.
790 3888 1094 3955 Flaminini,
1134 3888 1280 3956 quod
1317 3887 1504 3942 mortis
1541 3902 1705 3941 causa
1741 3887 1910 3954 patris
1947 3887 2031 3939 sui
2070 3904 2192 3941 cum
2229 3890 2588 3945 visceratione
2624 3890 2891 3959 epuloque

555 3982 610 4033 et
643 3978 785 4033 ludis
830 3977 1057 4032 scenicis
1103 3976 1543 4045 quadriduum
1590 3974 1757 4029 dedit.
1837 3976 2024 4042 Magni
2069 3980 2251 4031 tamen
2295 3980 2529 4035 muneris
2575 3996 2640 4034 ea
2684 3993 2892 4033 summa

553 4066 678 4133 fuit,
735 4071 796 4121 ut
839 4082 938 4135 per
990 4065 1280 4119 triduum
1335 4070 1591 4133 quattuor
1635 4067 1693 4117 et
1737 4065 2087 4132 septuaginta
2139 4065 2381 4121 homines
2428 4062 2775 4135 pugnarint“.
2827 4094 2891 4101 —

555 4156 860 4211 Verisimile
895 4156 1059 4222 igitur
1095 4159 1176 4208 est
1211 4154 1570 4207 Flamininum
1608 4152 1749 4206 ludis
1785 4154 2015 4207 scenicis
2059 4171 2274 4219 unum,
2332 4156 2651 4223 spectaculis
2687 4155 2895 4223 gladia-

555 4245 707 4299 toriis
743 4250 882 4298 tres
921 4244 1036 4297 dies
1073 4236 1298 4297 dedisse.
1357 4244 1642 4295 Praeterea
1676 4241 1803 4295 inde
1829 4244 2011 4311 colligi
2036 4248 2233 4311 potest,
2274 4244 2437 4297 etiam
2463 4243 2618 4297 ludos
2642 4242 2893 4298 funebres

556 4334 618 4386 L.
647 4333 865 4385 Aemilii
902 4333 1058 4386 Pauli
1094 4332 1330 4387 sedecim
1365 4331 1522 4385 annis
1557 4334 1684 4397 post
1716 4331 1811 4384 vix
1846 4346 1943 4399 per
1978 4332 2161 4398 plures
2199 4332 2313 4399 dies
2350 4330 2647 4386 celebratos
2686 4347 2803 4387 esse
2841 4337 2895 4385 et

558 4436 724 4474 unum
759 4420 921 4473 modo
959 4420 1102 4473 diem
1138 4418 1364 4473 fortasse
1402 4419 1473 4473 ad
1510 4418 1724 4473 fabulas
1762 4418 2004 4486 agendas
2042 4420 2367 4474 destinatum
2402 4418 2586 4476 fuisse.
