3350 5059
1538 354 1981 421 ...36-

803 531 1129 618 Andria,
1189 537 1500 621 Hecyra
1545 537 1617 618 1.,
1665 536 2625 616 HeautontimorumenUS,
2673 534 2924 599 Eunu-

554 632 805 723 'chuS,
883 640 1275 723 Phormio,
1354 643 1663 727 Hecyra
1731 644 1844 726 IL,
1921 641 2353 726 Adelphoe,
2431 642 2739 726 Hecyra
2804 642 2921 705 ΙΙΙ.

803 746 1050 811 Deinde
1105 748 1159 813 si
1216 769 1510 814 numeros
1562 750 1911 831 sequimur,
1970 748 2078 830 qui
2136 749 2346 816 verbis
2404 748 2618 831 „facta
2674 749 2810 813 est“
2856 748 2924 811 in

594 853 958 919 didascaliis
1004 853 1206 920 additi
1253 863 1412 938 sunt,
1462 856 1626 921 hunc
1671 855 1952 922 ordinem
2000 861 2275 920 statuere
2320 874 2678 938 possumus:
2733 878 2738 883 ·

761 961 854 1026 Ἰ.
923 960 1250 1045 Andria3
1356 962 1438 1027 Π.
1509 963 1949 1045 Eunuchus;
2052 963 2167 1026 III.
2239 962 2925 1027 Heautontimoru-

591 1086 884 1149 menus3
963 1067 1070 1131 IV.
1117 1068 1505 1149 Phormi03
1580 1070 1656 1134 V.
1705 1070 2037 1153 Hecyra3
2114 1068 2220 1132 VI.
2268 1066 2686 1151 Adelphoe.

803 1174 1016 1239 Alium
1087 1173 1371 1239 ordinem
1430 1177 1717 1240 Donatus
1782 1176 2034 1240 novisse
2101 1173 2377 1255 videtur,
2450 1194 2591 1239 cum
2647 1172 2926 1238 Andriae

591 1282 881 1365 primum,
929 1280 1232 1345 Eunucho
1263 1282 1534 1363 tertium,
1582 1281 1944 1346 Phormioni
1977 1287 2286 1364 quartum,
2320 1281 2609 1364 Hecyrae
2640 1280 2923 1362 quintum

486 1393 490 1400 '
592 1408 920 1453 numerum
977 1388 1044 1450 in
1101 1386 1599 1469 praefationibus
1656 1387 1865 1471 addit,
1926 1388 2087 1452 alius
2145 1407 2395 1470 quoque
2452 1387 2606 1452 ordo
2664 1392 2929 1470 apparet

594 1515 674 1559 ex
720 1494 988 1559 Volcatii
1035 1493 1306 1577 Sedigiti
1352 1513 1539 1559 versu
1584 1494 1652 1558 in
1697 1495 1831 1559 vita
1876 1494 2132 1559 Terenti
2176 1495 2359 1559 nobis
2404 1500 2682 1560 servato:

975 1599 1280 1683 „Simitur
1323 1600 1573 1664 Hecura
1618 1607 1799 1665 sexta
1844 1601 2099 1665 exclusa
2145 1608 2240 1666 est
2283 1600 2565 1666 fabula.“

803 1705 1104 1772 Videmus
1136 1706 1329 1789 igitur
1362 1726 1567 1789 neque
1600 1707 1681 1771 in·
1701 1706 2063 1772 didascaliis
2094 1726 2298 1790 neque
2331 1708 2395 1771 in
2416 1706 2653 1772 Donati
2680 1705 2929 1789 praefa-

589 1814 863 1879 tionibus
887 1819 1057 1877 certa
1080 1812 1316 1878 indicia
1328 1814 1431 1877 vel
1443 1812 1733 1896 vestigia,
1761 1833 1840 1878 ex
1860 1814 2085 1895 quibus
2097 1814 2517 1896 intellegatur,
2532 1819 2777 1877 veteres
2787 1812 2929 1875 illos

590 1919 987 2005 gramaticOS,
1036 1918 1202 1983 unde
1233 1918 1553 2002 profectae
1583 1924 1727 1985 sunt
1756 1924 2008 1985 nostrae
2039 1919 2444 2002 didascaliae,
2492 1919 2734 2002 aliquid
2765 1938 2928 1985 com-

591 2032 837 2110 pertum
879 2024 1174 2090 habuisse
1217 2024 1296 2089 de
1335 2026 1544 2108 priore
1585 2026 1860 2107 quadam
1904 2024 2238 2108 Adelphon
2280 2026 2545 2091 actione.
2637 2025 2766 2091 Sed
2800 2026 2930 2089 -hoc

590 2154 716 2199 non
745 2133 963 2217 magni
994 2132 1291 2197 momenti
1324 2139 1435 2197 est.
1485 2134 1648 2197 Nam
1681 2133 1745 2196 in
1768 2133 2059 2217 Hecyrae
2095 2132 2443 2198 didascalia
2477 2133 2686 2198 verbis
2717 2132 2930 2215 „facta

593 2242 730 2306 est“
775 2259 1071 2304 numerus
1102 2240 1176 2304 V.
1223 2239 1475 2303 additus
1521 2246 1633 2322 est,
1698 2240 1943 2305 ratione
1998 2240 2292 2305 nimirum
2354 2239 2613 2304 alterius
2666 2238 2929 2303 actionis

593 2347 828 2428 habita,
864 2365 1245 2429 quamquam
1271 2345 1461 2409 etiam
1493 2365 1820 2410 numerum
1845 2347 1927 2409 II.
1955 2351 2019 2409 et
2040 2345 2147 2409 VI.
2174 2345 2278 2409 vel
2302 2344 2537 2428 optimo
2554 2344 2698 2428 jure
2720 2346 2929 2428 potius

591 2455 674 2518 II.
711 2459 1074 2536 exspectare
1105 2450 1429 2534 debemus;
1472 2458 1604 2516 tum
1633 2451 1922 2516 Eunuchi
1952 2450 2320 2533 didascalia,
2355 2470 2737 2533 quamquam
2769 2450 2931 2516 hanc

592 2560 872 2625 fabulam
918 2580 974 2622 a.
1013 2579 1072 2621 u.
1114 2578 1166 2622 c.
1205 2557 1354 2639 593,
1410 2556 1652 2622 duobus
1710 2558 1892 2621 annis
1948 2562 2091 2640 post
2132 2558 2927 2639 Heautontimorumenum‚

594 2674 801 2731 actam
833 2684 988 2747 esse,
1021 2664 1133 2746 ita,
1164 2670 1234 2728 ut
1263 2683 1556 2727 numerus
1580 2664 1687 2728 IV.
1715 2662 2041 2728 addendus
2065 2671 2245 2746 esset,
2282 2685 2360 2729 ex
2384 2664 2704 2729 consulum
2734 2663 2951 2729 nomi-.

591 2774 774 2839 nibus
806 2770 1217 2855 cognoscitur,
1249 2776 1462 2833 tamen
1491 2789 1818 2835 numerum
1842 2770 1925 2834 II.
1959 2770 2247 2853 praebet3
2280 2770 2930 2835 Heautontimorume-

592 2900 742 2945 num
762 2885 1143 2962 postremum
1166 2876 1415 2940 tertiam
1442 2895 1578 2941 esse
1602 2876 1837 2941 factam
1862 2875 2208 2941 didascalia
2231 2876 2441 2959 tradit,
2469 2895 2653 2958 quem
2675 2875 2929 2960 quidem

595 3006 922 3051 numerum
953 2985 1238 3049 Donatus
1267 2982 1570 3048 Eunucho
1616 2984 1851 3049 tribuit.
1900 3020 1987 3028 —-
2034 2982 2203 3059 Quid
2233 2984 2469 3066 igitur?
2524 2984 2748 3049 Nonne
2792 2982 2929 3047 sine

595 3093 726 3157 ulla
771 3090 1163 3156 dubitatione
1209 3110 1459 3172 quoque
1503 3111 1832 3155 numerum
1877 3090 1985 3155 VI.
2035 3088 2371 3173 Adelphon
2416 3088 2597 3154 titulo
2644 3089 2929 3154 additum

593 3199 834 3263 ratione
881 3216 1094 3261 carere
1141 3196 1624 3261 arbitrabimur?
1714 3202 1936 3261 Nonne
1978 3196 2339 3279 putabimus
2407 3215 2447 3258 a
2501 3195 2929 3279 grammaticis

595 3324 803 3370 errore
850 3301 1124 3385 quodam
1171 3301 1434 3365 alteram
1479 3300 1666 3365 modo
1706 3301 2043 3384 Adelphon
2086 3290 2395 3366 actionem
2440 3301 2507 3365 in
2552 3302 2745 3367 libros
2793 3321 2929 3366 esse

597 3412 861 3477 relatam
875 3459 892 3493 ,
963 3407 1231 3492 primam
1292 3426 1428 3471 esse
1489 3409 2040 3490 praetermissam?
2131 3408 2340 3490 Atque
2405 3407 2579 3473 haud
2646 3408 2775 3473 scio
2844 3429 2927 3472 an

595 3516 1008 3583 demonstrari
1052 3514 1268 3598 possit,
1323 3512 1492 3578 unde
1538 3514 1641 3579 hic
1686 3534 1856 3579 error
1900 3515 2449 3598 grammaticorum
2508 3521 2760 3579 exortus
2817 3514 2924 3578 sit:

594 3627 759 3692 Nam
807 3646 864 3689 a.
898 3644 958 3689 u.
995 3643 1048 3687 c.
1097 3623 1246 3704 592,
1296 3640 1419 3704 quo
1465 3620 1791 3705 Adelphos
1833 3622 2107 3704 primum
2154 3629 2358 3686 actam
2404 3641 2541 3687 esse
2587 3620 2928 3685 verisimile

597 3738 710 3814 est,
759 3730 1042 3795 consules
1087 3734 1266 3793 erant
1310 3728 1380 3793 P.
1413 3725 1820 3793 Cornelius
1865 3728 2131 3812 Scipio
2177 3728 2427 3809 Nasica,
2478 3726 2545 3791 O.
2593 3726 2927 3793 Marcius

598 3838 880 3921 Figulus.
893 3837 940 3921 ¹)
989 3874 1074 3883 —
1121 3835 1161 3900 J
1162 3856 1267 3899 am
1323 3853 1474 3899 vero
1532 3835 1723 3899 etiam
1780 3834 1961 3898 alteri
2018 3833 2255 3899 consuli
2316 3834 2464 3898 anni
2510 3834 2641 3897 594
2699 3853 2928 3897 nomen

815 4016 852 4081 1)
926 4016 996 4069 Hi
1043 4016 1308 4080 consules,
1367 4014 1460 4083 qui
1504 4014 1638 4067 vitio
1685 4012 1816 4067 facti
1860 4017 2025 4079 erant,
2074 4013 2191 4084 jam
2234 4014 2291 4066 in
2338 4015 2645 4082 provincias
2699 4013 2927 4081 profecti

597 4107 915 4174 magistratu
961 4120 1019 4157 se
1065 4102 1412 4169 abdicarunt,
1470 4107 1527 4157 et
1569 4102 1783 4157 suffecti
1828 4106 1955 4157 sunt
2000 4103 2057 4156 P.
2108 4101 2459 4159 Cornelius
2503 4103 2777 4169 Lentulus,
2828 4102 2925 4157 Cn.

602 4195 871 4249 Domitius
910 4189 1304 4245 Ahenobarbus
1362 4188 1448 4255 [cf.
1489 4191 1600 4245 Cic.
1639 4191 1709 4245 de
1747 4192 1870 4247 Nat.
1910 4192 2073 4245 Deor.
2111 4192 2181 4245 11.
2218 4193 2279 4261 43
2354 4192 2423 4245 de
2462 4192 2585 4246 Div.
2624 4192 2693 4245 11.
2732 4193 2819 4247 35.
2860 4218 2925 4227 -—-

597 4283 776 4337 Valer.
819 4282 960 4335 Max.
999 4280 1058 4347 I.,
1100 4282 1146 4346 1,
1185 4276 1256 4344 3].
1331 4280 1582 4333 Fortasse
1626 4280 1743 4349 jam
1799 4294 1975 4333 errore
2023 4280 2282 4347 quodam,
2338 4296 2404 4333 ex
2457 4280 2593 4333 vitio
2645 4280 2739 4335 illo
2794 4284 2925 4344 ort0,

596 4369 800 4425 factum
838 4372 934 4436 est,
992 4372 1054 4421 ut
1090 4367 1382 4436 Adelphon
1419 4367 1731 4434 didascalia,
1788 4382 1928 4435 quae
1982 4367 2053 4420 ad
2088 4366 2248 4419 huius
2284 4368 2409 4420 anni
2455 4369 2724 4423 actionem
2767 4370 2929 4438 perti-

595 4463 761 4525 neret,
797 4458 1144 4525 privaremur.
