3350 5059
1415 308 1859 371 0-43—

693 484 981 566 ‚‚Novam
1026 504 1162 551 esse
1207 484 1449 550 ostend-i
1495 492 1558 549 et
1603 505 1766 567 quae
1822 492 2014 567 esset:
2085 506 2249 552 nunc
2306 484 2415 567 qui
2470 484 2806 568 scripserit,

690 591 772 654 Et
817 592 1007 673 quoia
1051 591 1297 657 Graeca
1321 592 1440 677 sit,
1487 592 1553 656 ni
1597 598 1844 675 partem
1888 591 2230 656 maximam

692 697 1151 762 Existumarem
1197 699 1356 764 scire
1401 701 1700 781 vostrum,
1754 698 1821 763 id
1868 698 2207 763 dicerem.“

1483 915 1801 923 ...-*..-

692 1072 820 1137 Sed
863 1072 968 1135 his
1006 1090 1119 1137 sex
1164 1072 1446 1138 versibus
1502 1078 1703 1137 totum
1757 1073 2087 1155 prologum
2134 1069 2411 1135 nondum
2455 1071 2809 1135 restitutum

486 1160 634 1243 esse*
661 1198 842 1244 nemo
886 1198 1014 1243 non
1057 1177 1263 1261 videt,
1324 1199 1473 1242 nam
1516 1179 1763 1262 prologi
1804 1197 2021 1244 versus
2067 1178 2321 1242 ultimus
2368 1198 2509 1242 cum
2553 1177 2652 1259 iis,
2703 1178 2811 1260 qui

485 1285 872 1368 antecedunt,
919 1305 1044 1350 non
1091 1285 1400 1349 cohaeret.
1495 1284 1891 1366 Quamquam
1923 1291 2134 1351 autem
2162 1284 2390 1348 lacuna
2418 1284 2530 1348 vix
2559 1303 2811 1367 prorsus

484 1393 720 1476 expleri
778 1398 1001 1476 potest,
1062 1397 1273 1456 tamen
1332 1392 1608 1474 quinque
1653 1411 1871 1457 versus
1927 1392 2161 1474 inveni,
2222 1409 2379 1473 quos
2434 1389 2559 1454 huc
2613 1396 2811 1455 trans-

480 1498 802 1581 ponendos
847 1518 984 1564 esse
1039 1518 1406 1582 persuasum
1450 1498 1605 1563 1111111
1664 1504 1776 1581 081,
1835 1519 2063 1582 nempe
2118 1498 2371 1563 ultimos
2414 1496 2811 1561 Phormionis

480 1606 726 1690 prologi
770 1625 1013 1672 versus:

692 1730 898 1812 „Date
945 1750 1219 1813 operam,
1269 1728 1485 1794 adeste
1531 1748 1733 1811 aequo
1779 1722 1987 1793 animo
2032 1748 2147 1811 per
2192 1728 2527 1809 silentium,

691 1836 787 1901 Ne
833 1836 1023 1901 simili
1069 1843 1318 1901 utamur
1363 1835 1614 1900 fortuna
1660 1841 1850 1917 atque
1895 1835 1989 1899 usi
2037 1854 2268 1917 sumus,

692 1942 847 2007 Cum
891 1963 1004 2026 per
1048 1943 1381 2007 tumultum
1425 1948 1634 2007 noster
1678 1961 1836 2023 grex
1881 1946 2083 2005 motus
2129 1942 2353 2005 locost:

695 2048 895 2125 Quem
941 2050 1169 2113 actoris
1212 2049 1411 2113 virtus
1455 2048 1635 2112 nobis
1680 2047 1952 2111 restituit
1992 2046 2199 2111 locum

691 2156 1076 2238 Bonitasque
1120 2161 1332 2219 vostra
1377 2152 1668 2238 adjutans
1714 2159 1903 2236 atque
1948 2152 2472 2236 aequanimitas.“

691 2296 786 2361 Ac
827 2296 1100 2381 primum
1145 2295 1399 2378 quidem
1446 2294 1719 2360 dilucide
1776 2301 2039 2378 apparet
2095 2295 2209 2360 hos
2254 2314 2471 2360 versus
2528 2261 2815 2378 spectare

486 2400 571 2465 ad
625 2403 893 2484 primam
947 2403 1237 2486 Hecyrae
1294 2404 1635 2486 actionem,
1708 2422 1899 2483 quam
1952 2420 2159 2484 neque
2214 2402 2545 2484 probatam
2611 2422 2814 2483 neque

483 2505 722 2573 finitam
769 2528 906 2574 esse
950 2509 1105 2573 satis
1148 2509 1532 2591 intellegitur
1576 2528 1657 2573 ex
1702 2507 1929 2573 nostris
1972 2508 2270 2590 prologis.

693 2631 942 2697 Deinde
974 2633 1185 2697 nescio
1223 2652 1304 2696 an
1338 2632 1761 2714 Terentiani1)
1807 2652 1935 2695 non
1968 2631 2094 2695 sint
2128 2631 2221 2695 illi
2252 2630 2644 2698 Phormionis
2674 2651 2815 2715 pro-

485 2735 616 2818 logi
661 2757 908 2822 versus3
954 2744 1144 2821 poeta
1189 2738 1356 2802 enim
1398 2758 1708 2821 nusquam
1753 2732 1881 2801 tam
1928 2738 2209 2818 verbose,
2258 2756 2449 2818 quam
2478 2738 2582 2803 hic
2612 2738 2700 2821 fit,
2735 2737 2815 2803 de

487 2841 775 2926 Hecyrae
807 2844 1166 2908 calamitate
1196 2844 1486 2926 loquitur,
1521 2864 1710 2925 quam
1742 2844 1808 2905 in
1838 2842 2116 2925 prologis
2140 2847 2251 2906 aut
2271 2842 2518 2908 silentio
2542 2850 2815 2926 praeter—

488 2947 580 3011 ire
623 2955 734 3013 aut
761 2949 1024 3013 strictim
1056 2949 1366 3031 attingere
1397 2950 1570 3031 solet,
1614 2950 1706 3012 ita
1738 2955 1807 3012 ut
1837 2953 2091 3031 propter
2121 2968 2343 3013 causas
2374 2950 2649 3015 maxime
2678 2971 2817 3034 per-

487 3053 739 3135 spicuas
782 3054 969 3119 huius
1010 3054 1104 3119 rei
1151 3055 1804 3119 commemorationem
1834 3053 2112 3118 consulto
2145 3056 2417 3120 evitasse
2446 3055 2815 3141 videatur.²)

486 3159 651 3223 Tum
727 3166 938 3224 autem
1011 3160 1104 3224 illi
1177 3179 1394 3225 versus
1469 3160 1535 3223 in
1607 3160 1733 3225 fine
1803 3161 2197 3227 Phormionis
2270 3162 2516 3246 prologi
2590 3164 2819 3228 multas

487 3270 746 3346 propter
815 3284 1036 3329 causas
1102 3265 1356 3330 tolerari
1425 3272 1771 3349 nequeunt3
1860 3265 2028 3348 quod
2096 3268 2288 3331 etiam
2348 3268 2818 3335 Willmannsius

470 3366 576 3453 .[p.
613 3370 696 3431 22
741 3368 860 3455 sq.]
908 3370 1174 3435 sensisse
1217 3370 1485 3454 videtur,
1535 3372 1642 3453 qui
1689 3393 1828 3436 cum
1872 3380 2122 3455 putaret
2163 3375 2526 3439 Terentium
2570 3376 2637 3439 in
2679 3396 2820 3460 pro-

485 3472 637 3555 logo
681 3474 1076 3541 Phormionis
1120 3476 1230 3540 vix
1274 3477 1655 3540 mentionem
1702 3478 1923 3543 fecisse
1964 3478 2255 3562 Hecyrae
2300 3486 2593 3561 quattuor
2640 3484 2821 3547 annis

487 3583 636 3643 ante
695 3586 975 3661 exactae,
1034 3579 1298 3663 conjecit
1351 3581 1668 3664 Hecyram
1726 3590 1868 3665 post
1922 3584 2294 3649 Eunuchum
2350 3585 2555 3651 denuo
2614 3594 2821 3653 actam

489 3700 646 3747 esse.
743 3683 947 3760 Quam
993 3684 1410 3768 conjecturam
1467 3708 1591 3751 non
1646 3688 2037 3771 probandam
2094 3710 2231 3755 esse
2277 3689 2414 3775 jam
2472 3694 2823 3777 complures

484 3785 609 3849 viri
655 3786 826 3851 docti
842 3790 894 3869 ⁸)
939 3789 1539 3858 demonstraverunt.
1618 3795 1955 3860 Praeterea
1983 3796 2263 3880 intellegi
2297 3798 2549 3863 omnino
2580 3802 2819 3885 nequit,

712 3979 750 4042 ¹)
819 3980 858 4033 J
859 3997 946 4034 am
989 3982 1234 4051 Guyetus
1281 3986 1520 4056 dubitat,
1576 4006 1707 4044 num
1749 3990 1805 4044 hi
1850 4006 2037 4045 versus
2086 4009 2121 4045 a
2164 3994 2417 4048 Terentio
2464 3996 2653 4064 scripti
2698 3998 2825 4054 sint.

709 4083 750 4147 2)
824 4086 1116 4140 Praeterea
1151 4090 1685 4149 animadvertendum
1722 4100 1821 4161 est,
1866 4111 2059 4151 vocem
2095 4094 2381 4165 „bonitas“
2418 4116 2685 4166 nusquam
2722 4104 2828 4158 11181

486 4168 596 4222 1100
641 4170 764 4224 1000
811 4171 957 4239 apud
1003 4172 1308 4229 Terentium
1358 4179 1612 4251 inveniri3
1674 4200 1743 4239 ne
1798 4185 1892 4239 illa
1945 4185 2162 4253 quidem
2218 4189 2545 4244 constructio
2603 4190 2831 4255 „similis

485 4250 694 4323 atque“
733 4258 880 4324 apud
913 4264 1148 4313 nostrum
1183 4266 1402 4329 poetam
1439 4273 1607 4325 extat.

711 4358 1496 4438 ³)Rh.Mus....XXIp74
