3350 5059
1605 290 1869 355 ..18
1962 328 2047 337 --

655 470 814 553 prol.
853 470 958 533 14:
993 468 1430 552 „transtulisse
1461 470 1573 533 se“
1597 488 1712 551 pro
1739 470 2236 552 „transtulisse“,
2269 468 2423 535 Hec.
2454 471 2527 553 L,
2564 471 2624 549 2,
2662 470 2777 534 64:
2812 470 2995 553 „plus

655 577 978 660 potuisse“
1023 596 1139 659 pro
1187 576 1372 659 „plus
1415 581 1600 660 potus
1645 576 1778 658 se“,
1839 594 1989 639 casu
2045 574 2319 657 quodam
2380 583 2442 641 ct
2487 576 2801 641 communi
2846 576 2996 643 duo-

654 704 793 748 rum
846 683 1242 748 librariorum
1299 702 1507 748 errore
1563 689 1815 746 exortos
1870 701 2008 747 esse
2063 682 2427 766 arbitretur,
2494 690 2707 749 tamen
2777 684 2996 767 negari

652 790 872 871 nequit
939 789 1205 855 aliorum
1271 790 1548 854 locorum
1615 788 2029 871 corruptelas,
2099 790 2273 855 velut
2340 790 2500 855 Eun.
2574 790 2656 873 L,
2732 792 2802 874 2,
2874 792 2993 875 52;

654 896 752 979 V.,
785 897 862 979 ,2,
911 897 1000 960 44
1012 918 1029 979 3
1105 897 1256 961 Hec.
1304 896 1410 977 IL,
1467 897 1520 976 1,
1571 896 1610 958 6
1686 894 2003 980 profectas
2059 915 2195 961 esse
2254 916 2334 960 ex
2391 896 2755 979 depravatis
2812 898 2996 962 unius

653 1003 983 1087 archetypi
1029 1003 1371 1087 scripturis,
1454 1003 1677 1084 Itaque
1723 1002 1816 1065 illi
1864 1021 2114 1085 quoque
2158 1002 2299 1087 loci,
2348 1002 2414 1066 in
2448 1003 2673 1085 quibus
2707 1010 2818 1069 aut
2845 1024 2999 1069 vera

653 1116 717 1175 et
763 1110 1002 1193 optima
1049 1117 1159 1175 aut
1205 1116 1371 1175 certe
1416 1129 1541 1174 non
1587 1128 1842 1192 prorsus
1886 1109 2285 1193 neglegenda
2342 1109 2649 1193 scriptura
2705 1116 2770 1175 et
2826 1109 2998 1193 apud

654 1217 1035 1282 Arusianum
1082 1223 1144 1282 et
1190 1216 1256 1282 in
1299 1215 1662 1281 Victoriano
1710 1215 1925 1280 codice
1984 1216 2317 1299 invenitur,
2376 1222 2446 1281 ut
2491 1216 2657 1283 And.
2716 1218 2871 1301 prol.
2921 1216 2993 1299 53

655 1324 837 1390 Adel.
870 1323 968 1406 V.,
1020 1324 1079 1407 8,
1131 1323 1247 1407 263
1293 1323 1446 1389 Hec.
1495 1323 1599 1406 IL,
1659 1325 1713 1405 1,
1764 1323 1824 1405 2,
1875 1359 1960 1368 -—
2007 1323 2141 1387 sine
2189 1322 2380 1388 dubio
2427 1323 2569 1388 illos
2616 1323 2865 1388 codices
2912 1322 2996 1387 ad

653 1430 921 1496 eandem
968 1430 1279 1493 familiam
1324 1431 1638 1513 pertinere
1684 1428 2132 1494 demonstrant.
2183 1466 2268 1476 -—

866 1555 1006 1619 Huc
1064 1552 1369 1619 accedunt
1423 1555 1727 1620 nonnulla
1771 1554 2072 1619 Arusiani
2140 1554 2463 1638 exempla,
2535 1574 2700 1636 quae
2757 1554 2813 1618 si
2871 1574 3001 1618 non

651 1661 920 1727 eandem
967 1669 1158 1743 atque
1187 1661 1587 1727 Victorianus
1633 1661 2009 1743 scripturam
2056 1666 2123 1724 at
2168 1667 2334 1726 certe
2379 1660 2648 1725 similem
2693 1662 3000 1746 praebent

650 1769 762 1852 ita,
811 1775 881 1833 ut
925 1768 1075 1833 inde
1120 1768 1310 1833 etiam
1355 1768 1797 1851 intellegamus
1828 1767 2127 1832 Arusiani
2160 1767 2439 1832 codicem
2470 1772 2533 1832 et
2564 1767 2998 1833 Victorianum

652 1875 1125 1958 propinquitate
1171 1875 1447 1957 quadam
1480 1874 1842 1958 conjunctos
1887 1894 2053 1939 esse:

652 2017 838 2082 And.
887 2018 960 2099 L,
1017 2019 1071 2098 1,
1125 2018 1236 2081 79:
1285 2037 1522 2100 „quam
1568 2017 1808 2082 metui“
1856 2017 2041 2081 Arus.

1291 2125 1395 2206 „ei
1441 2124 1680 2188 metui“
1858 2125 1938 2190 D.

1293 2230 1574 2313 „metui“
1864 2231 1995 2295 rell.

652 2355 825 2419 Hec.
876 2355 980 2436 IL,
1030 2354 1090 2437 2,
1141 2354 1210 2419 5:
1260 2355 1460 2436 „meis
1506 2374 1618 2419 me
1665 2354 1997 2419 omnibus“
2044 2355 2227 2419 Arus.

867 2481 1012 2544 „me
1058 2461 1215 2525 meis
1261 2461 1594 2537 omnibus‘f
1639 2462 1720 2525 D.
1772 2457 2126 2546 [verborum
2173 2458 2392 2525 ordine
2439 2461 2765 2544 paululum
2811 2459 2999 2524 modo

865 2564 1149 2653 mutato].
1198 2604 1285 2611 —
1332 2566 1459 2631 Sed
1506 2567 1614 2630 A.:
1689 2568 1890 2649 „meis
1946 2568 2235 2632 omnibus
2281 2568 2409 2632 scio
2467 2588 2580 2633 me
2638 2569 2819 2633 esse“
2878 2572 2995 2631 cet.

863 2711 1157 2775 Fortasse
1202 2708 1394 2773 etiam
1438 2709 1666 2773 Heaut.
1716 2709 1823 2791 IL,
1870 2709 1933 2791 4,
1996 2709 2035 2771 2
2093 2716 2157 2774 et
2210 2709 2459 2775 Phorm.
2509 2709 2605 2792 V.,
2669 2710 2729 2791 9,
2790 2710 2872 2772 37
2932 2709 2999 2772 in

651 2816 831 2881 libris
889 2838 930 2881 a
984 2816 1399 2900 grammatico
1457 2814 1758 2879 adhibitis
1815 2822 1877 2879 et
1932 2815 2000 2879 in
2043 2815 2389 2881 Victoriani
2458 2815 2803 2899 archetypo
2863 2813 3000 2899 jam

656 2922 1008 3007 depravata
1052 2930 1190 2989 erat
1233 2922 1570 3006 scriptura:
2040 2931 2046 2939 ‘

654 3048 927 3113 Heaut.
988 3048 1104 3130 ΙΙ.,
1163 3050 1237 3130 4,
1298 3048 1371 3111 2:
1453 3047 1570 3130 „is
1628 3046 1915 3112 formae“
1971 3068 2087 3131 pro
2143 3047 2334 3130 „isti
2389 3047 2680 3113 formae“
2737 3045 2999 3129 praebet

867 3153 1052 3218 AruS.
1102 3191 1184 3201 —-
1233 3153 1481 3234 „isti“
1528 3154 1871 3218 omiserunt
1915 3154 2086 3219 ΒΕ.

655 3279 955 3346 Phorm.
1003 3278 1103 3360 V.,
1153 3279 1213 3359 9,
1264 3277 1380 3340 37:
1459 3283 1751 3358 „emptus
1798 3277 1936 3339 est“
1981 3295 2096 3357 pro
2141 3296 2287 3357 „em
2332 3282 2579 3358 tempus
2624 3274 2761 3339 cst“
2805 3273 2991 3337 Arus.

870 3422 956 3431 —
1004 3382 1187 3468 „jam
1233 3383 1523 3464 tempus“
1569 3383 1648 3451 D.

869 3526 997 3591 Sed
1041 3530 1292 3609 praeter
1346 3524 1622 3607 reliquos
1680 3524 1823 3590 illos
1878 3526 2068 3608 locOS,
2127 3525 2233 3607 qui
2292 3525 2359 3590 in
2416 3524 2734 3590 codicibus
2788 3542 2997 3587 recen-

655 3634 852 3698 sionis
884 3632 1148 3716 Calliop.
1185 3639 1248 3697 et
1287 3632 1353 3696 in
1385 3632 1682 3697 Arusiani
1714 3633 1872 3697 libro
1905 3638 2255 3715 congruunt
2302 3629 2404 3718 [cf.
2437 3651 2544 3713 pp.
2588 3631 2685 3713 12,
2726 3630 2825 3712 13,
2867 3624 2993 3713 15],

657 3740 849 3805 etiam
895 3740 1260 3822 complures.
1294 3745 1528 3821 extant,
1589 3739 1655 3802 in
1704 3739 1930 3821 quibus
1976 3738 2069 3802 illi
2114 3738 2257 3803 libri
2303 3737 2676 3819 scripturam
2720 3737 2997 3803 similem

654 3848 960 3930 praebent
1005 3853 1195 3927 atque
1226 3845 1604 3927 Arusianus3
1651 3845 2003 3928 putandum
2045 3844 2239 3927 igitur
2271 3849 2365 3908 est
2396 3843 2586 3907 etiam
2620 3843 2999 3927 Calliopium

656 3954 910 4019 Terenti
965 3953 1215 4018 fabulas
1272 3958 1703 4016 recensentem
1756 3950 2021 4015 eandem
2084 3949 2371 4015 codicum
2440 3950 2751 4015 familiam
2821 3947 3000 4014 adhi-

655 4062 864 4127 buisse
908 4066 1098 4142 atque
1143 4058 1524 4122 Arusianum
1581 4078 1660 4122 ex
1718 4057 1842 4122 illis
1897 4057 2128 4123 fabulis
2186 4059 2482 4142 exempla
2538 4062 2997 4139 excerpentem.

660 4208 741 4217 -—
789 4168 955 4232 Nam
1000 4186 1142 4230 cum
1187 4165 1308 4229 Ad.
1359 4166 1464 4246 IL,
1514 4166 1572 4246 3,
1624 4166 1664 4228 9
1713 4166 1930 4230 Bemb.
1979 4164 2133 4247 „qui
2179 4163 2592 4247 ignominia“,
2648 4162 2999 4226 Arusianus

663 4276 814 4357 „qui
873 4274 938 4337 in
1003 4272 1278 4353 omnia“,
1347 4271 1694 4355 Calliopius
1747 4273 1946 4355 „quin
2014 4272 2268 4337 omnia“
2335 4268 2665 4351 scriberet,
2734 4274 3001 4353 apparet

658 4380 1039 4445 Arusianum
1086 4384 1150 4444 et
1194 4378 1519 4444 librarium
1549 4378 1899 4444 Victoriani
1940 4385 2004 4443 et
2042 4375 2395 4458 Callopium
2442 4372 2668 4439 eadem
2712 4374 2997 4441 codicum
