3350 5059
1538 358 1974 421 *46-

801 537 928 605 Sed
996 537 1354 602 verborum.
1397 536 1591 600 etiam
1658 538 2147 601 constructiones
2215 558 2256 601 a
2315 538 2611 602 Terentio
2680 537 2926 601 alienae

592 643 946 709 offendunt:

800 771 862 816 v.
915 753 983 815 1:
1074 752 1171 815 De
1228 750 1506 814 ablativo
1562 756 1831 832 „ornatu
1877 750 2168 831 prologi“
2225 748 2609 829 Amdohrius
2680 746 2764 835 [p.
2819 746 2924 835 15]

591 857 918 921 adnotavit
963 856 1149 921 haec:
1229 856 1586 938 „ablativus
1632 840 1949 937 „ornatu“
1998 856 2061 919 in
2107 863 2318 921 nostro
2365 876 2570 938 versu,
2620 876 2761 920 cum
2807 855 2927 920 hoc

589 964 846 1028 verbale
892 964 958 1028 in
1003 982 1260 1027 numero
1309 982 1523 1027 eorum
1569 961 1669 1045 sit,
1720 982 1883 1042 quae
1929 962 2221 1027 effectum
2252 963 2516 1027 actionis
2548 962 2923 1047 significant,

591 1070 676 1134 ad
721 1070 898 1134 illum
943 1069 1308 1151 ablativum,
1359 1088 1544 1150 quem
1576 1067 1931 1150 significavi
1984 1066 2197 1155 [ablat.
2233 1069 2533 1152 temporis
2564 1076 2627 1133 et
2655 1066 2926 1156 causae]‚

591 1176 953 1241 referendus
997 1195 1124 1241 non
1169 1182 1280 1257 est,
1331 1174 1444 1239 sed
1488 1174 1571 1237 ad
1619 1194 1779 1256 eum,
1829 1176 1935 1257 qui
1969 1174 2227 1257 „modi“
2261 1175 2506 1258 dicitur,
2540 1194 2665 1258 quo
2696 1174 2925 1241 descri-

590 1284 818 1348 buntur
861 1302 978 1366 res,
1029 1299 1190 1363 quae
1235 1286 1468 1346 statum
1515 1280 1695 1363 quasi
1743 1281 2136 1346 comitantur.
2198 1280 2301 1368 [cf.
2350 1282 2591 1365 Holtze,
2640 1283 2927 1366 syntaxis

591 1389 777 1472 prisc.
825 1388 933 1453 lat.
981 1389 1055 1470 1.,
1112 1384 1280 1473 176]
1373 1384 1566 1451 Cuius
1610 1406 1760 1451 usus
1807 1388 2163 1470 exemplum
2220 1388 2390 1453 sine
2434 1389 2925 1471 pronominis

589 1496 713 1560 vel
753 1494 1137 1578 adjectivi
1170 1492 1714 1557 additamento
1745 1500 1995 1576 praeter
2026 1494 2146 1559 hoc
2177 1496 2487 1577 „ornatu“
2519 1514 2638 1578 ego
2671 1494 2926 1577 quidem

592 1601 764 1684 apud
807 1602 1139 1684 scriptores
1181 1599 1412 1664 latinos
1457 1619 1583 1663 non
1628 1600 1911 1663 inveni.“

802 1707 930 1773 Sed
976 1726 1358 1797 quamquam
1403 1706 1558 1770 talia
1605 1706 1897 1788 exempla
1942 1706 2113 1790 apud
2160 1706 2318 1771 alios
2364 1707 2697 1790 scriptores
2751 1708 2923 1773 inve-

588 1813 709 1879 niri
768 1834 892 1877 non
949 1814 1344 1896 negaverim,
1416 1812 1589 1895 apud
1643 1813 2009 1877 Terentium
2065 1820 2232 1877 certe
2300 1832 2424 1877 non
2491 1813 2922 1897 inveniuntur3

587 1934 737 1983 nam
795 1920 1208 2002 testimonia,
1254 1938 1417 2001 quae
1474 1918 1835 2001 Draegerus
1902 1918 1969 1981 in
2029 1918 2285 2003 syntaxi
2353 1918 2651 1984 historica
2716 1918 2925 1985 adfert

592 2022 678 2112 [I.
725 2046 787 2110 p.
837 2027 998 2090 538:
1058 2025 1254 2090 Andr.
1301 2026 1463 2089 480:
1535 2024 1858 2107 „periculo
1904 2024 2133 2089 huius“
2149 2049 2163 2107 3
2242 2026 2469 2089 Heaut.
2521 2026 2679 2089 839:
2750 2046 2923 2109 „mo-

588 2131 803 2196 ribus“
818 2128 840 2219 ]
908 2131 1032 2198 huc
1086 2149 1214 2197 non
1269 2132 1581 2215 pertinere
1636 2131 2036 2215 perspicuum
2104 2137 2216 2196 est.
2274 2129 2278 2135 ’
2316 2132 2681 2214 Praeterea,
2754 2131 2923 2214 quod

587 2238 845 2321 gravius
903 2245 1024 2320 est,
1089 2237 1518 2303 Heinricbsius
1577 2236 1657 2302 de
1703 2237 1979 2325 ablativi
2038 2236 2209 2321 apud
2266 2238 2630 2302 Terentium
2691 2257 2808 2303 usu
2860 2244 2925 2303 et

586 2344 830 2410 ratione
901 2342 1131 2431 [progr.
1179 2344 1428 2426 Elbing.
1493 2344 1659 2407 1858
1707 2364 1770 2430 p.
1822 2340 1929 2429 27]
2001 2342 2158 2406 nihil
2204 2343 2406 2407 simile
2463 2344 2721 2426 invenit,
2782 2363 2923 2410 cum

588 2449 752 2515 hunc
797 2451 1144 2515 ablativum
1187 2448 1359 2515 modi
1403 2455 1671 2531 „ornatu
1702 2448 1992 2531 prologi“
2023 2454 2286 2531 poneret
2316 2456 2640 2533 tamquam
2672 2450 2926 2515 unicum

589 2557 726 2622 eius
770 2558 1019 2641 generis
1067 2556 1423 2639 exemplum
1468 2554 1640 2638 apud
1686 2553 2070 2619 Terentium.

587 2680 691 2728 vv.
742 2664 781 2727 6
829 2670 894 2727 et
939 2656 973 2726 7
993 2687 1008 2727 :
1057 2662 1174 2745 „In
1221 2662 1336 2727 eis
1381 2680 1540 2743 quas
1583 2661 1857 2745 primum
1903 2660 2135 2725 Caecili
2184 2660 2377 2726 didici
2421 2682 2640 2745 novam,

1053 2768 1290 2835 Partim
1337 2786 1474 2832 sum
1521 2786 1779 2832 earum
1826 2774 2100 2849 exactUS‚
2149 2768 2380 2851 partim
2424 2768 2536 2833 vix
2580 2770 2791 2833 steti.“

799 2875 1078 2939 Primum
1123 2867 1378 2957 quidem
1423 2894 1550 2939 vox
1607 2874 1929 2956 „partim“
1982 2893 2097 2956 pro
2144 2870 2446 2939 adverbio
2492 2876 2699 2958 posita
2752 2875 2923 2958 apud

588 2980 951 3045 Terentium
1000 2999 1127 3045 non
1172 2981 1488 3045 invenitur
1534 3000 1674 3045 cum
1720 2982 2014 3064 genetivo
2063 2979 2423 3064 conjuncta3
2484 2980 2595 3045 sed
2639 2981 2787 3046 huic
2831 2982 2925 3047 rei

587 3106 715 3151 non
771 3088 1034 3160 multum
1091 3087 1328 3171 tribu0,
1394 3088 1693 3169 quoniam
1750 3088 1905 3151 talia
1962 3086 2253 3170 exempla
2310 3086 2481 3169 apud
2536 3087 2695 3153 alios
2753 3087 2925 3154 haud

588 3212 793 3277 pauca
838 3199 1073 3256 extant.
1086 3194 1134 3275 ¹)
1232 3193 1318 3257 At
1363 3192 1482 3257 hoc
1525 3214 1628 3258 me
1673 3192 1954 3276 offendit,
2003 3193 2172 3273 quod
2212 3212 2555 3275 pronomen
2600 3194 2744 3278 „is“
2790 3195 2927 3259 sine

587 3299 719 3364 ulla
765 3316 956 3363 causa
1001 3299 1098 3362 bis
1147 3296 1236 3385 [in
1283 3298 1374 3363 eis
1422 3337 1506 3346 --
1553 3296 1791 3385 earum]
1840 3298 2114 3381 positum
2161 3304 2273 3364 est.

799 3444 860 3488 v.
909 3422 1028 3486 46:
1078 3472 1117 3505 „
1166 3422 1369 3487 Sinite
1413 3422 1753 3505 impetrare
1798 3442 1900 3487 me
1948 3472 1962 3486 .
2017 3474 2030 3487 .
2084 3474 2097 3488 .
2145 3443 2226 3487 ne
2275 3473 2289 3488 .
2341 3474 2355 3488 .
2408 3472 2422 3487 .
2475 3474 2489 3489 .
2538 3424 2924 3489 inrideant.“

577 3528 860 3597 Verbum
918 3528 1298 3613 impetrandi
1367 3550 1406 3593 a
1464 3530 1758 3594 Terentio
1816 3548 2063 3613 semper
2119 3530 2253 3594 fere
2321 3528 2716 3614 conjungitur
2784 3552 2925 3596 cum

588 3636 944 3702 accusativo
1012 3636 1284 3701 nominis
1295 3658 1310 3719 ;
1387 3636 1580 3700 semel
1647 3636 1928 3717 sequitur
1986 3636 2140 3717 „ut“
2170 3635 2393 3708 Andr.
2452 3657 2512 3700 v.
2576 3636 2766 3722 313,
2816 3638 2925 3703 ubi

586 3744 849 3809 verbum
893 3742 1315 3825 „impetrare“
1348 3742 1658 3807 artissime
1691 3740 2088 3825 conjunctum
2120 3748 2213 3806 est
2244 3762 2385 3808 cum
2414 3742 2623 3807 verbis
2655 3745 2923 3828 „orare“

589 3856 651 3915 et
697 3849 1165 3933 „supplicare“.

801 3955 928 4021 Sed
986 3974 1368 4037 quamquam
1429 3953 1634 4018 adhuc
1690 3952 1849 4018 nihil
1906 3950 2040 4017 fere
2097 3954 2468 4037 invenimus,
2527 3975 2652 4037 quo
2709 3962 2924 4021 nostra

587 4063 898 4128 sententia
943 4060 1022 4126 de
1066 4060 1362 4126 Ambivio
1393 4061 1802 4143 probaretur,
1864 4066 2075 4125 tamen
2131 4062 2453 4144 complura
2507 4062 2702 4126 allata
2756 4069 2919 4145 sunt,

585 4169 754 4234 unde
799 4176 1064 4252 apparet
1092 4167 1454 4232 Terentium
1485 4166 1650 4230 hunc
1678 4166 2007 4249 prologum
2038 4187 2162 4232 non
2192 4169 2534 4252 scripsisse.
2612 4169 2923 4234 Graviora

589 4280 798 4339 autem
845 4280 1216 4357 argumenta
1258 4273 1586 4356 praebebit
1627 4292 1729 4338 res
1771 4273 1913 4356 ipsa
1957 4274 2023 4339 in
2068 4273 2330 4356 prologo
2376 4279 2661 4338 tractata.

807 4454 841 4517 ¹)
914 4453 983 4508 cf.
1019 4453 1328 4508 Ruhnkenii
1366 4452 1570 4507 dictata
1603 4453 1660 4506 in
1696 4454 1915 4506 Terenti
1952 4452 2259 4507 comoedias
2293 4468 2347 4521 p.
2385 4454 2507 4509 212.
