<?xml version="1.0" encoding="UTF-8"?>
<!DOCTYPE html PUBLIC "-//W3C//DTD XHTML 1.0 Transitional//EN"
    "http://www.w3.org/TR/xhtml1/DTD/xhtml1-transitional.dtd">
<html xmlns="http://www.w3.org/1999/xhtml" xml:lang="en" lang="en">
 <head>
  <title>
</title>
<meta http-equiv="Content-Type" content="text/html;charset=utf-8" />
  <meta name='ocr-system' content='tesseract 3.04.00' />
  <meta name='ocr-capabilities' content='ocr_page ocr_carea ocr_par ocr_line ocrx_word'/>
</head>
<body>
  <div class='ocr_page' id='page_1' title='image "./observationescr01schigoog_0043.png"; bbox 0 0 3350 5059; ppageno 0'>
   <div class='ocr_carea' id='block_1_1' title="bbox 1487 612 1711 727">
    <p class='ocr_par' dir='ltr' id='par_1_1' title="bbox 1487 612 1711 727">
     <span class='ocr_line' id='line_1_1' title="bbox 1487 612 1711 727; baseline 0 0"><span class='ocrx_word' id='word_1_1' title='bbox 1487 612 1711 727; x_wconf 93' lang='grc' dir='ltr'><strong>ΙΙΙ.</strong></span> 
     </span>
    </p>
   </div>
   <div class='ocr_carea' id='block_1_2' title="bbox 431 804 2754 1121">
    <p class='ocr_par' dir='ltr' id='par_1_2' title="bbox 431 804 2754 1121">
     <span class='ocr_line' id='line_1_2' title="bbox 431 804 2754 942; baseline 0.003 -31"><span class='ocrx_word' id='word_1_2' title='bbox 431 804 888 939; x_wconf 85' lang='lat' dir='ltr'>Hecyrae</span> <span class='ocrx_word' id='word_1_3' title='bbox 961 805 1438 942; x_wconf 77' lang='lat' dir='ltr'>prologos</span> <span class='ocrx_word' id='word_1_4' title='bbox 1523 808 1643 915; x_wconf 88' lang='lat' dir='ltr'>ab</span> <span class='ocrx_word' id='word_1_5' title='bbox 1719 805 2180 918; x_wconf 86' lang='lat' dir='ltr'>Ambivio</span> <span class='ocrx_word' id='word_1_6' title='bbox 2257 806 2754 942; x_wconf 88' lang='lat' dir='ltr'>Turpione</span> 
     </span>
     <span class='ocr_line' id='line_1_3' title="bbox 1122 983 2068 1121; baseline 0.001 -28"><span class='ocrx_word' id='word_1_7' title='bbox 1122 1016 1342 1094; x_wconf 91' lang='lat' dir='ltr'>esse</span> <span class='ocrx_word' id='word_1_8' title='bbox 1421 983 2068 1121; x_wconf 87' lang='lat' dir='ltr'>conscriptos.</span> 
     </span>
    </p>
   </div>
   <div class='ocr_carea' id='block_1_3' title="bbox 361 1197 2831 4255">
    <p class='ocr_par' dir='ltr' id='par_1_3' title="bbox 430 1197 2761 1495">
     <span class='ocr_line' id='line_1_4' title="bbox 641 1197 2757 1283; baseline 0 -18"><span class='ocrx_word' id='word_1_9' title='bbox 641 1197 796 1265; x_wconf 83' lang='lat' dir='ltr'>Cum</span> <span class='ocrx_word' id='word_1_10' title='bbox 842 1198 941 1281; x_wconf 90' lang='lat' dir='ltr'>iis,</span> <span class='ocrx_word' id='word_1_11' title='bbox 991 1218 1156 1281; x_wconf 89' lang='lat' dir='ltr'>quae</span> <span class='ocrx_word' id='word_1_12' title='bbox 1198 1199 1266 1263; x_wconf 93' lang='lat' dir='ltr'>in</span> <span class='ocrx_word' id='word_1_13' title='bbox 1311 1199 1510 1264; x_wconf 86' lang='lat' dir='ltr'>altera</span> <span class='ocrx_word' id='word_1_14' title='bbox 1554 1199 2009 1265; x_wconf 79' lang='lat' dir='ltr'>dissertationis</span> <span class='ocrx_word' id='word_1_15' title='bbox 2051 1206 2233 1283; x_wconf 89' lang='lat' dir='ltr'>parte</span> <span class='ocrx_word' id='word_1_16' title='bbox 2277 1198 2757 1283; x_wconf 79' lang='lat' dir='ltr'>disputavimus,</span> 
     </span>
     <span class='ocr_line' id='line_1_5' title="bbox 430 1303 2761 1389; baseline 0.001 -20"><span class='ocrx_word' id='word_1_17' title='bbox 430 1303 762 1389; x_wconf 89' lang='lat' dir='ltr'>conjuncta</span> <span class='ocrx_word' id='word_1_18' title='bbox 806 1311 901 1369; x_wconf 90' lang='lat' dir='ltr'>est</span> <span class='ocrx_word' id='word_1_19' title='bbox 953 1304 1110 1369; x_wconf 88' lang='lat' dir='ltr'>haec</span> <span class='ocrx_word' id='word_1_20' title='bbox 1167 1305 1552 1386; x_wconf 79' lang='lat' dir='ltr'>quaestionis</span> <span class='ocrx_word' id='word_1_21' title='bbox 1601 1325 1768 1389; x_wconf 79' lang='lat' dir='ltr'>parS,</span> <span class='ocrx_word' id='word_1_22' title='bbox 1830 1312 1897 1370; x_wconf 90' lang='lat' dir='ltr'>ut</span> <span class='ocrx_word' id='word_1_23' title='bbox 1941 1307 2229 1389; x_wconf 78' lang='lat' dir='ltr'>Hecyrae</span> <span class='ocrx_word' id='word_1_24' title='bbox 2284 1306 2581 1388; x_wconf 81' lang='lat' dir='ltr'>prologos</span> <span class='ocrx_word' id='word_1_25' title='bbox 2636 1326 2761 1371; x_wconf 91' lang='lat' dir='ltr'>non</span> 
     </span>
     <span class='ocr_line' id='line_1_6' title="bbox 431 1411 1985 1495; baseline 0.001 -20"><span class='ocrx_word' id='word_1_26' title='bbox 431 1431 570 1477; x_wconf 88' lang='grc'><strong>6666</strong></span> <span class='ocrx_word' id='word_1_27' title='bbox 617 1412 697 1475; x_wconf 91' lang='lat' dir='ltr'>ab</span> <span class='ocrx_word' id='word_1_28' title='bbox 744 1412 882 1495; x_wconf 90' lang='lat' dir='ltr'>ipso</span> <span class='ocrx_word' id='word_1_29' title='bbox 927 1414 1117 1493; x_wconf 72' lang='lat' dir='ltr'>poeta</span> <span class='ocrx_word' id='word_1_30' title='bbox 1163 1411 1427 1493; x_wconf 88' lang='lat' dir='ltr'>scriptos</span> <span class='ocrx_word' id='word_1_31' title='bbox 1473 1411 1985 1479; x_wconf 77' lang='lat' dir='ltr'>demonstremus,</span> 
     </span>
    </p>

    <p class='ocr_par' dir='ltr' id='par_1_4' title="bbox 428 1516 2799 2450">
     <span class='ocr_line' id='line_1_7' title="bbox 644 1516 2761 1601; baseline 0.001 -20"><span class='ocrx_word' id='word_1_32' title='bbox 644 1517 1010 1582; x_wconf 85' lang='lat' dir='ltr'>Franciscus</span> <span class='ocrx_word' id='word_1_33' title='bbox 1066 1519 1352 1601; x_wconf 84' lang='lat' dir='ltr'>Guyetus</span> <span class='ocrx_word' id='word_1_34' title='bbox 1369 1516 1416 1601; x_wconf 90' lang='lat'>¹)</span> <span class='ocrx_word' id='word_1_35' title='bbox 1475 1518 1540 1581; x_wconf 93' lang='lat' dir='ltr'>in</span> <span class='ocrx_word' id='word_1_36' title='bbox 1586 1520 2031 1584; x_wconf 85' lang='lat' dir='ltr'>commentario</span> <span class='ocrx_word' id='word_1_37' title='bbox 2078 1518 2164 1583; x_wconf 88' lang='lat' dir='ltr'>ad</span> <span class='ocrx_word' id='word_1_38' title='bbox 2205 1518 2462 1583; x_wconf 86' lang='lat' dir='ltr'>Terenti</span> <span class='ocrx_word' id='word_1_39' title='bbox 2518 1538 2761 1583; x_wconf 87' lang='lat' dir='ltr'>comoe-</span> 
     </span>
     <span class='ocr_line' id='line_1_8' title="bbox 431 1622 2761 1710; baseline 0 -23"><span class='ocrx_word' id='word_1_40' title='bbox 431 1622 571 1687; x_wconf 82' lang='lat' dir='ltr'>dias</span> <span class='ocrx_word' id='word_1_41' title='bbox 625 1624 864 1707; x_wconf 87' lang='lat' dir='ltr'>primus</span> <span class='ocrx_word' id='word_1_42' title='bbox 931 1623 1096 1688; x_wconf 87' lang='lat' dir='ltr'>hanc</span> <span class='ocrx_word' id='word_1_43' title='bbox 1161 1624 1591 1710; x_wconf 81' lang='lat' dir='ltr'>pronuntiavit</span> <span class='ocrx_word' id='word_1_44' title='bbox 1650 1627 2024 1691; x_wconf 86' lang='lat' dir='ltr'>sententiam</span> <span class='ocrx_word' id='word_1_45' title='bbox 2084 1626 2373 1709; x_wconf 78' lang='lat' dir='ltr'>Hecyrae</span> <span class='ocrx_word' id='word_1_46' title='bbox 2433 1624 2761 1708; x_wconf 86' lang='lat' dir='ltr'>prologum</span> 
     </span>
     <span class='ocr_line' id='line_1_9' title="bbox 433 1729 2764 1815; baseline 0 -22"><span class='ocrx_word' id='word_1_47' title='bbox 433 1730 705 1813; x_wconf 87' lang='lat' dir='ltr'>priorem</span> <span class='ocrx_word' id='word_1_48' title='bbox 785 1751 826 1794; x_wconf 90' lang='lat' dir='ltr'>a</span> <span class='ocrx_word' id='word_1_49' title='bbox 893 1729 1188 1795; x_wconf 89' lang='lat' dir='ltr'>Terentio</span> <span class='ocrx_word' id='word_1_50' title='bbox 1265 1749 1392 1794; x_wconf 91' lang='lat' dir='ltr'>non</span> <span class='ocrx_word' id='word_1_51' title='bbox 1466 1750 1603 1796; x_wconf 91' lang='lat' dir='ltr'>esse</span> <span class='ocrx_word' id='word_1_52' title='bbox 1669 1732 2087 1815; x_wconf 88' lang='lat' dir='ltr'>conscriptum</span> <span class='ocrx_word' id='word_1_53' title='bbox 2098 1781 2115 1814; x_wconf 95' lang='lat'>,</span> <span class='ocrx_word' id='word_1_54' title='bbox 2204 1732 2470 1799; x_wconf 82' lang='lat' dir='ltr'>alte&#39;rum</span> <span class='ocrx_word' id='word_1_55' title='bbox 2552 1736 2764 1795; x_wconf 88' lang='lat' dir='ltr'>autem</span> 
     </span>
     <span class='ocr_line' id='line_1_10' title="bbox 430 1836 2767 1921; baseline -0 -21"><span class='ocrx_word' id='word_1_56' title='bbox 430 1857 516 1919; x_wconf 89' lang='lat' dir='ltr'>„a</span> <span class='ocrx_word' id='word_1_57' title='bbox 562 1836 861 1919; x_wconf 89' lang='lat' dir='ltr'>quopiam</span> <span class='ocrx_word' id='word_1_58' title='bbox 907 1837 1106 1902; x_wconf 91' lang='lat' dir='ltr'>otioso</span> <span class='ocrx_word' id='word_1_59' title='bbox 1151 1837 1563 1920; x_wconf 88' lang='lat' dir='ltr'>grammatico</span> <span class='ocrx_word' id='word_1_60' title='bbox 1621 1858 1656 1902; x_wconf 95' lang='grc'>6</span> <span class='ocrx_word' id='word_1_61' title='bbox 1702 1838 1909 1921; x_wconf 87' lang='lat' dir='ltr'>priore</span> <span class='ocrx_word' id='word_1_62' title='bbox 1954 1838 2062 1903; x_wconf 93' lang='lat' dir='ltr'>illo</span> <span class='ocrx_word' id='word_1_63' title='bbox 2110 1837 2384 1903; x_wconf 87' lang='lat' dir='ltr'>effictum</span> <span class='ocrx_word' id='word_1_64' title='bbox 2440 1843 2503 1901; x_wconf 88' lang='lat' dir='ltr'>et</span> <span class='ocrx_word' id='word_1_65' title='bbox 2546 1836 2767 1919; x_wconf 89' lang='lat' dir='ltr'>ampli-</span> 
     </span>
     <span class='ocr_line' id='line_1_11' title="bbox 430 1941 2765 2026; baseline 0 -20"><span class='ocrx_word' id='word_1_66' title='bbox 430 1941 729 2007; x_wconf 85' lang='lat' dir='ltr'>ficatum“</span> <span class='ocrx_word' id='word_1_67' title='bbox 743 1966 760 2025; x_wconf 82' lang='lat'><em>3</em></span> <span class='ocrx_word' id='word_1_68' title='bbox 840 1962 1223 2024; x_wconf 89' lang='lat' dir='ltr'>quamquam</span> <span class='ocrx_word' id='word_1_69' title='bbox 1269 1943 1654 2026; x_wconf 86' lang='lat' dir='ltr'>argumentis</span> <span class='ocrx_word' id='word_1_70' title='bbox 1701 1943 1875 2008; x_wconf 90' lang='lat' dir='ltr'>illam</span> <span class='ocrx_word' id='word_1_71' title='bbox 1920 1945 2291 2011; x_wconf 87' lang='lat' dir='ltr'>sententiam</span> <span class='ocrx_word' id='word_1_72' title='bbox 2340 1943 2593 2008; x_wconf 89' lang='lat' dir='ltr'>omnino</span> <span class='ocrx_word' id='word_1_73' title='bbox 2637 1961 2765 2007; x_wconf 93' lang='lat' dir='ltr'>non</span> 
     </span>
     <span class='ocr_line' id='line_1_12' title="bbox 430 2047 2763 2135; baseline -0 -22"><span class='ocrx_word' id='word_1_74' title='bbox 430 2047 842 2113; x_wconf 85' lang='lat' dir='ltr'>confirmavit.</span> <span class='ocrx_word' id='word_1_75' title='bbox 897 2048 1370 2114; x_wconf 86' lang='lat' dir='ltr'>Westerhovius</span> <span class='ocrx_word' id='word_1_76' title='bbox 1401 2049 1714 2115; x_wconf 88' lang='lat' dir='ltr'>Faernum</span> <span class='ocrx_word' id='word_1_77' title='bbox 1744 2058 2007 2133; x_wconf 89' lang='lat' dir='ltr'>secutus,</span> <span class='ocrx_word' id='word_1_78' title='bbox 2041 2057 2111 2115; x_wconf 88' lang='lat' dir='ltr'>ut</span> <span class='ocrx_word' id='word_1_79' title='bbox 2138 2051 2434 2135; x_wconf 89' lang='lat' dir='ltr'>prologos</span> <span class='ocrx_word' id='word_1_80' title='bbox 2465 2070 2505 2112; x_wconf 93' lang='lat' dir='ltr'>a</span> <span class='ocrx_word' id='word_1_81' title='bbox 2528 2048 2763 2131; x_wconf 83' lang='lat' dir='ltr'>Guyeti</span> 
     </span>
     <span class='ocr_line' id='line_1_13' title="bbox 433 2152 2799 2237; baseline -0 -19"><span class='ocrx_word' id='word_1_82' title='bbox 433 2153 891 2237; x_wconf 78' lang='lat' dir='ltr'>suspicionibus</span> <span class='ocrx_word' id='word_1_83' title='bbox 955 2154 1349 2236; x_wconf 88' lang='lat' dir='ltr'>defenderet,</span> <span class='ocrx_word' id='word_1_84' title='bbox 1429 2156 1670 2220; x_wconf 84' lang='lat' dir='ltr'>monuit</span> <span class='ocrx_word' id='word_1_85' title='bbox 1738 2162 1801 2221; x_wconf 93' lang='lat' dir='ltr'>et</span> <span class='ocrx_word' id='word_1_86' title='bbox 1856 2157 2173 2227; x_wconf 85' lang='lat' dir='ltr'>Donatum</span> <span class='ocrx_word' id='word_1_87' title='bbox 2243 2156 2401 2221; x_wconf 90' lang='lat' dir='ltr'>duos</span> <span class='ocrx_word' id='word_1_88' title='bbox 2466 2152 2799 2237; x_wconf 81' lang='lat' dir='ltr'>prologos‘</span> 
     </span>
     <span class='ocr_line' id='line_1_14' title="bbox 430 2260 2765 2347; baseline -0 -24"><span class='ocrx_word' id='word_1_89' title='bbox 430 2260 660 2344; x_wconf 84' lang='lat' dir='ltr'>legisse</span> <span class='ocrx_word' id='word_1_90' title='bbox 718 2266 782 2325; x_wconf 90' lang='lat' dir='ltr'>et</span> <span class='ocrx_word' id='word_1_91' title='bbox 830 2260 900 2325; x_wconf 90' lang='lat' dir='ltr'>in</span> <span class='ocrx_word' id='word_1_92' title='bbox 959 2260 1078 2325; x_wconf 92' lang='lat' dir='ltr'>hac</span> <span class='ocrx_word' id='word_1_93' title='bbox 1134 2261 1527 2343; x_wconf 89' lang='lat' dir='ltr'>potissimum</span> <span class='ocrx_word' id='word_1_94' title='bbox 1575 2261 1828 2345; x_wconf 80' lang='lat' dir='ltr'>fabula,</span> <span class='ocrx_word' id='word_1_95' title='bbox 1908 2283 2071 2345; x_wconf 87' lang='lat' dir='ltr'>quae</span> <span class='ocrx_word' id='word_1_96' title='bbox 2124 2264 2357 2347; x_wconf 89' lang='lat' dir='ltr'>populo</span> <span class='ocrx_word' id='word_1_97' title='bbox 2423 2261 2492 2325; x_wconf 91' lang='lat' dir='ltr'>in</span> <span class='ocrx_word' id='word_1_98' title='bbox 2558 2260 2765 2343; x_wconf 88' lang='lat' dir='ltr'>prima</span> 
     </span>
     <span class='ocr_line' id='line_1_15' title="bbox 428 2366 2788 2450; baseline -0.002 -19"><span class='ocrx_word' id='word_1_99' title='bbox 428 2368 677 2432; x_wconf 89' lang='lat' dir='ltr'>actione</span> <span class='ocrx_word' id='word_1_100' title='bbox 721 2387 848 2432; x_wconf 91' lang='lat' dir='ltr'>non</span> <span class='ocrx_word' id='word_1_101' title='bbox 893 2370 1160 2450; x_wconf 89' lang='lat' dir='ltr'>probata</span> <span class='ocrx_word' id='word_1_102' title='bbox 1215 2373 1397 2450; x_wconf 90' lang='lat' dir='ltr'>esset,</span> <span class='ocrx_word' id='word_1_103' title='bbox 1456 2368 1710 2433; x_wconf 90' lang='lat' dir='ltr'>omnino</span> <span class='ocrx_word' id='word_1_104' title='bbox 1764 2370 2147 2435; x_wconf 89' lang='lat' dir='ltr'>necessarios</span> <span class='ocrx_word' id='word_1_105' title='bbox 2201 2369 2395 2433; x_wconf 88' lang='lat' dir='ltr'>fuisse</span> <span class='ocrx_word' id='word_1_106' title='bbox 2447 2366 2788 2449; x_wconf 52' lang='lat' dir='ltr'>prologo&amp;</span> 
     </span>
    </p>

    <p class='ocr_par' dir='ltr' id='par_1_5' title="bbox 427 2470 2767 2771">
     <span class='ocr_line' id='line_1_16' title="bbox 639 2470 2765 2540; baseline -0.003 0"><span class='ocrx_word' id='word_1_107' title='bbox 639 2477 868 2540; x_wconf 86' lang='lat' dir='ltr'>Postea</span> <span class='ocrx_word' id='word_1_108' title='bbox 898 2473 1350 2540; x_wconf 90' lang='lat' dir='ltr'>Wilmannsius</span> <span class='ocrx_word' id='word_1_109' title='bbox 1396 2475 1462 2539; x_wconf 92' lang='lat' dir='ltr'>in</span> <span class='ocrx_word' id='word_1_110' title='bbox 1506 2476 1833 2540; x_wconf 87' lang='lat' dir='ltr'>sententiis</span> <span class='ocrx_word' id='word_1_111' title='bbox 1864 2475 2276 2540; x_wconf 78' lang='lat' dir='ltr'>controversis</span> <span class='ocrx_word' id='word_1_112' title='bbox 2308 2470 2765 2539; x_wconf 85' lang='lat' dir='ltr'>dissertationis</span> 
     </span>
     <span class='ocr_line' id='line_1_17' title="bbox 427 2577 2767 2664; baseline -0.001 -22"><span class='ocrx_word' id='word_1_113' title='bbox 427 2577 554 2661; x_wconf 88' lang='lat' dir='ltr'>„de</span> <span class='ocrx_word' id='word_1_114' title='bbox 610 2578 978 2645; x_wconf 85' lang='lat' dir='ltr'>didascaliis</span> <span class='ocrx_word' id='word_1_115' title='bbox 1034 2580 1476 2645; x_wconf 87' lang='lat' dir='ltr'>Terentianis“</span> <span class='ocrx_word' id='word_1_116' title='bbox 1545 2583 1756 2664; x_wconf 89' lang='lat' dir='ltr'>posuit</span> <span class='ocrx_word' id='word_1_117' title='bbox 1806 2581 1999 2646; x_wconf 90' lang='lat' dir='ltr'>hanc:</span> <span class='ocrx_word' id='word_1_118' title='bbox 2079 2582 2411 2663; x_wconf 82' lang='lat' dir='ltr'>„Hecyrae</span> <span class='ocrx_word' id='word_1_119' title='bbox 2466 2577 2767 2662; x_wconf 87' lang='lat' dir='ltr'>prologus</span> 
     </span>
     <span class='ocr_line' id='line_1_18' title="bbox 428 2685 2152 2771; baseline 0.001 -22"><span class='ocrx_word' id='word_1_120' title='bbox 428 2685 586 2751; x_wconf 86' lang='lat' dir='ltr'>alter</span> <span class='ocrx_word' id='word_1_121' title='bbox 632 2707 672 2750; x_wconf 89' lang='lat' dir='ltr'>a</span> <span class='ocrx_word' id='word_1_122' title='bbox 718 2686 1015 2751; x_wconf 92' lang='lat' dir='ltr'>Terentio</span> <span class='ocrx_word' id='word_1_123' title='bbox 1063 2688 1446 2771; x_wconf 89' lang='lat' dir='ltr'>conscriptus</span> <span class='ocrx_word' id='word_1_124' title='bbox 1491 2706 1629 2752; x_wconf 91' lang='grc'><strong>6666</strong></span> <span class='ocrx_word' id='word_1_125' title='bbox 1671 2708 1800 2752; x_wconf 91' lang='lat' dir='ltr'>non</span> <span class='ocrx_word' id='word_1_126' title='bbox 1842 2687 2152 2752; x_wconf 85' lang='lat' dir='ltr'>videtur.“</span> 
     </span>
    </p>

    <p class='ocr_par' dir='ltr' id='par_1_6' title="bbox 361 2788 2831 4255">
     <span class='ocr_line' id='line_1_19' title="bbox 640 2788 2769 2878; baseline -0.003 -20"><span class='ocrx_word' id='word_1_127' title='bbox 640 2793 680 2858; x_wconf 88' lang='lat' dir='ltr'><strong>J</strong></span> <span class='ocrx_word' id='word_1_128' title='bbox 683 2814 786 2857; x_wconf 88' lang='lat' dir='ltr'>am</span> <span class='ocrx_word' id='word_1_129' title='bbox 841 2794 895 2857; x_wconf 87' lang='lat' dir='ltr'>si</span> <span class='ocrx_word' id='word_1_130' title='bbox 954 2794 1312 2875; x_wconf 87' lang='lat' dir='ltr'>quaerimus</span> <span class='ocrx_word' id='word_1_131' title='bbox 1369 2793 1523 2876; x_wconf 90' lang='lat' dir='ltr'>quid</span> <span class='ocrx_word' id='word_1_132' title='bbox 1581 2794 1660 2859; x_wconf 90' lang='lat' dir='ltr'>de</span> <span class='ocrx_word' id='word_1_133' title='bbox 1708 2793 1941 2878; x_wconf 83' lang='lat' dir='ltr'>Guyeti</span> <span class='ocrx_word' id='word_1_134' title='bbox 1996 2791 2307 2858; x_wconf 89' lang='lat' dir='ltr'>sententia</span> <span class='ocrx_word' id='word_1_135' title='bbox 2354 2788 2769 2874; x_wconf 89' lang='lat' dir='ltr'>judicandum</span> 
     </span>
     <span class='ocr_line' id='line_1_20' title="bbox 427 2894 2771 2983; baseline -0.003 -22"><span class='ocrx_word' id='word_1_136' title='bbox 427 2898 527 2980; x_wconf 92' lang='lat' dir='ltr'>sit,</span> <span class='ocrx_word' id='word_1_137' title='bbox 577 2898 735 2963; x_wconf 89' lang='lat' dir='ltr'>illud</span> <span class='ocrx_word' id='word_1_138' title='bbox 781 2906 1064 2981; x_wconf 88' lang='lat' dir='ltr'>apparet,</span> <span class='ocrx_word' id='word_1_139' title='bbox 1110 2899 1738 2983; x_wconf 68' lang='lat' dir='ltr'>Hecyrae⁸prologos</span> <span class='ocrx_word' id='word_1_140' title='bbox 1780 2920 1907 2964; x_wconf 91' lang='lat' dir='ltr'>non</span> <span class='ocrx_word' id='word_1_141' title='bbox 1952 2900 2077 2982; x_wconf 90' lang='lat' dir='ltr'>„ab</span> <span class='ocrx_word' id='word_1_142' title='bbox 2112 2898 2312 2964; x_wconf 90' lang='lat' dir='ltr'>otioso</span> <span class='ocrx_word' id='word_1_143' title='bbox 2358 2894 2771 2981; x_wconf 87' lang='lat' dir='ltr'>grammatico</span> 
     </span>
     <span class='ocr_line' id='line_1_21' title="bbox 429 2998 2776 3088; baseline -0.003 -21"><span class='ocrx_word' id='word_1_144' title='bbox 429 3003 734 3086; x_wconf 88' lang='lat' dir='ltr'>effictos“,</span> <span class='ocrx_word' id='word_1_145' title='bbox 803 3004 917 3069; x_wconf 89' lang='lat' dir='ltr'>sed</span> <span class='ocrx_word' id='word_1_146' title='bbox 975 3004 1211 3070; x_wconf 88' lang='lat' dir='ltr'>eisdem</span> <span class='ocrx_word' id='word_1_147' title='bbox 1272 3006 1657 3088; x_wconf 83' lang='lat' dir='ltr'>temporibus</span> <span class='ocrx_word' id='word_1_148' title='bbox 1715 3005 1979 3088; x_wconf 87' lang='lat' dir='ltr'>scriptos</span> <span class='ocrx_word' id='word_1_149' title='bbox 2036 3023 2201 3087; x_wconf 89' lang='lat' dir='ltr'>esse,</span> <span class='ocrx_word' id='word_1_150' title='bbox 2272 3004 2499 3086; x_wconf 90' lang='lat' dir='ltr'>quibus</span> <span class='ocrx_word' id='word_1_151' title='bbox 2555 2998 2776 3063; x_wconf 87' lang='lat' dir='ltr'>fabula</span> 
     </span>
     <span class='ocr_line' id='line_1_22' title="bbox 426 3105 2774 3193; baseline -0.003 -20"><span class='ocrx_word' id='word_1_152' title='bbox 426 3110 569 3193; x_wconf 87' lang='lat' dir='ltr'>ipsa</span> <span class='ocrx_word' id='word_1_153' title='bbox 623 3110 860 3193; x_wconf 85' lang='lat' dir='ltr'>scripta</span> <span class='ocrx_word' id='word_1_154' title='bbox 917 3117 1029 3177; x_wconf 87' lang='lat' dir='ltr'>est.</span> <span class='ocrx_word' id='word_1_155' title='bbox 1147 3110 1544 3193; x_wconf 83' lang='lat' dir='ltr'>Quamquam</span> <span class='ocrx_word' id='word_1_156' title='bbox 1614 3110 1784 3175; x_wconf 90' lang='lat' dir='ltr'>enim</span> <span class='ocrx_word' id='word_1_157' title='bbox 1849 3108 2021 3175; x_wconf 87' lang='lat' dir='ltr'>haud</span> <span class='ocrx_word' id='word_1_158' title='bbox 2087 3130 2293 3193; x_wconf 88' lang='lat' dir='ltr'>pauca</span> <span class='ocrx_word' id='word_1_159' title='bbox 2359 3105 2774 3183; x_wconf 76' lang='lat' dir='ltr'>inveniemuS,</span> 
     </span>
     <span class='ocr_line' id='line_1_23' title="bbox 426 3214 2780 3299; baseline -0.005 -18"><span class='ocrx_word' id='word_1_160' title='bbox 426 3236 592 3299; x_wconf 90' lang='lat' dir='ltr'>quae</span> <span class='ocrx_word' id='word_1_161' title='bbox 639 3238 679 3281; x_wconf 91' lang='lat' dir='ltr'>a</span> <span class='ocrx_word' id='word_1_162' title='bbox 707 3216 966 3282; x_wconf 85' lang='lat' dir='ltr'>Terenti</span> <span class='ocrx_word' id='word_1_163' title='bbox 1011 3237 1129 3283; x_wconf 89' lang='lat' dir='ltr'>usn</span> <span class='ocrx_word' id='word_1_164' title='bbox 1174 3216 1470 3299; x_wconf 89' lang='lat' dir='ltr'>loquendi</span> <span class='ocrx_word' id='word_1_165' title='bbox 1519 3214 1839 3298; x_wconf 88' lang='lat' dir='ltr'>recedant,</span> <span class='ocrx_word' id='word_1_166' title='bbox 1889 3222 2101 3280; x_wconf 87' lang='lat' dir='ltr'>tamen</span> <span class='ocrx_word' id='word_1_167' title='bbox 2146 3221 2282 3280; x_wconf 88' lang='lat' dir='ltr'>tota</span> <span class='ocrx_word' id='word_1_168' title='bbox 2326 3214 2593 3279; x_wconf 89' lang='lat' dir='ltr'>duorum</span> <span class='ocrx_word' id='word_1_169' title='bbox 2635 3226 2780 3291; x_wconf 89' lang='lat' dir='ltr'>pro-</span> 
     </span>
     <span class='ocr_line' id='line_1_24' title="bbox 422 3313 2787 3407; baseline -0.005 -20"><span class='ocrx_word' id='word_1_170' title='bbox 422 3323 712 3407; x_wconf 87' lang='lat' dir='ltr'>logorum</span> <span class='ocrx_word' id='word_1_171' title='bbox 759 3323 1026 3388; x_wconf 91' lang='lat' dir='ltr'>elocutio</span> <span class='ocrx_word' id='word_1_172' title='bbox 1072 3324 1253 3388; x_wconf 91' lang='lat' dir='ltr'>nobis</span> <span class='ocrx_word' id='word_1_173' title='bbox 1297 3321 1710 3407; x_wconf 89' lang='lat' dir='ltr'>persuadebit</span> <span class='ocrx_word' id='word_1_174' title='bbox 1755 3340 1863 3387; x_wconf 91' lang='lat' dir='ltr'>eos</span> <span class='ocrx_word' id='word_1_175' title='bbox 1908 3322 2174 3404; x_wconf 87' lang='lat' dir='ltr'>scriptos</span> <span class='ocrx_word' id='word_1_176' title='bbox 2219 3339 2357 3385; x_wconf 89' lang='lat' dir='ltr'>esse</span> <span class='ocrx_word' id='word_1_177' title='bbox 2402 3318 2483 3381; x_wconf 87' lang='lat' dir='ltr'>ab</span> <span class='ocrx_word' id='word_1_178' title='bbox 2528 3313 2787 3379; x_wconf 90' lang='lat' dir='ltr'>homine</span> 
     </span>
     <span class='ocr_line' id='line_1_25' title="bbox 425 3415 2791 3512; baseline -0.006 -18"><span class='ocrx_word' id='word_1_179' title='bbox 425 3428 700 3511; x_wconf 89' lang='lat' dir='ltr'>quodam</span> <span class='ocrx_word' id='word_1_180' title='bbox 762 3435 826 3495; x_wconf 88' lang='lat' dir='ltr'>et</span> <span class='ocrx_word' id='word_1_181' title='bbox 881 3430 1137 3494; x_wconf 85' lang='lat' dir='ltr'>Terenti</span> <span class='ocrx_word' id='word_1_182' title='bbox 1199 3429 1453 3512; x_wconf 88' lang='lat' dir='ltr'>aequali</span> <span class='ocrx_word' id='word_1_183' title='bbox 1528 3435 1595 3493; x_wconf 88' lang='lat' dir='ltr'>et</span> <span class='ocrx_word' id='word_1_184' title='bbox 1661 3429 1832 3493; x_wconf 91' lang='lat' dir='ltr'>illius</span> <span class='ocrx_word' id='word_1_185' title='bbox 1900 3425 2214 3493; x_wconf 89' lang='lat' dir='ltr'>scribendi</span> <span class='ocrx_word' id='word_1_186' title='bbox 2279 3421 2543 3488; x_wconf 86' lang='lat' dir='ltr'>rationis</span> <span class='ocrx_word' id='word_1_187' title='bbox 2610 3415 2791 3481; x_wconf 89' lang='lat' dir='ltr'>haud</span> 
     </span>
     <span class='ocr_line' id='line_1_26' title="bbox 423 3526 2795 3619; baseline -0.006 -20"><span class='ocrx_word' id='word_1_188' title='bbox 423 3536 667 3619; x_wconf 76' lang='lat' dir='ltr'>ignaro·</span> <span class='ocrx_word' id='word_1_189' title='bbox 762 3534 1085 3611; x_wconf 84' lang='lat' dir='ltr'>Quaecum</span> <span class='ocrx_word' id='word_1_190' title='bbox 1131 3536 1222 3599; x_wconf 90' lang='lat' dir='ltr'>ita</span> <span class='ocrx_word' id='word_1_191' title='bbox 1266 3536 1410 3618; x_wconf 90' lang='lat' dir='ltr'>sint,</span> <span class='ocrx_word' id='word_1_192' title='bbox 1461 3555 1585 3619; x_wconf 87' lang='lat' dir='ltr'>per</span> <span class='ocrx_word' id='word_1_193' title='bbox 1633 3555 1703 3601; x_wconf 88' lang='grc'>66</span> <span class='ocrx_word' id='word_1_194' title='bbox 1745 3554 2047 3618; x_wconf 89' lang='lat' dir='ltr'>magnam</span> <span class='ocrx_word' id='word_1_195' title='bbox 2087 3531 2283 3595; x_wconf 89' lang='lat' dir='ltr'>habet</span> <span class='ocrx_word' id='word_1_196' title='bbox 2326 3526 2602 3610; x_wconf 90' lang='lat' dir='ltr'>speciem</span> <span class='ocrx_word' id='word_1_197' title='bbox 2645 3540 2795 3604; x_wconf 89' lang='lat' dir='ltr'>pro-</span> 
     </span>
     <span class='ocr_line' id='line_1_27' title="bbox 361 3604 2803 3735; baseline -0.008 -28"><span class='ocrx_word' id='word_1_198' title='bbox 361 3680 364 3683; x_wconf 36' lang='lat'><em>*</em></span> <span class='ocrx_word' id='word_1_199' title='bbox 426 3641 788 3725; x_wconf 83' lang='lat' dir='ltr'>habilitatis,</span> <span class='ocrx_word' id='word_1_200' title='bbox 837 3642 1026 3707; x_wconf 88' lang='lat' dir='ltr'>hosce</span> <span class='ocrx_word' id='word_1_201' title='bbox 1069 3642 1369 3726; x_wconf 88' lang='lat' dir='ltr'>prologos</span> <span class='ocrx_word' id='word_1_202' title='bbox 1425 3642 1514 3706; x_wconf 90' lang='lat' dir='ltr'>ab</span> <span class='ocrx_word' id='word_1_203' title='bbox 1565 3642 1869 3709; x_wconf 83' lang='lat' dir='ltr'>Ambivio</span> <span class='ocrx_word' id='word_1_204' title='bbox 1914 3637 2267 3735; x_wconf 69' lang='lat' dir='ltr'>Turpione,</span> <span class='ocrx_word' id='word_1_205' title='bbox 2302 3651 2490 3715; x_wconf 88' lang='lat' dir='ltr'>quem</span> <span class='ocrx_word' id='word_1_206' title='bbox 2534 3604 2803 3691; x_wconf 68' lang='lat' dir='ltr'>&#39;ferenti</span> 
     </span>
     <span class='ocr_line' id='line_1_28' title="bbox 426 3730 2812 3832; baseline -0.008 -22"><span class='ocrx_word' id='word_1_207' title='bbox 426 3745 672 3812; x_wconf 89' lang='lat' dir='ltr'>fabulas</span> <span class='ocrx_word' id='word_1_208' title='bbox 707 3748 911 3831; x_wconf 89' lang='lat' dir='ltr'>egisse</span> <span class='ocrx_word' id='word_1_209' title='bbox 943 3754 1204 3831; x_wconf 88' lang='lat' dir='ltr'>constat,</span> <span class='ocrx_word' id='word_1_210' title='bbox 1255 3748 1669 3832; x_wconf 88' lang='lat' dir='ltr'>conscriptos</span> <span class='ocrx_word' id='word_1_211' title='bbox 1701 3768 1855 3815; x_wconf 89' lang='lat' dir='ltr'>esse.</span> <span class='ocrx_word' id='word_1_212' title='bbox 1931 3745 2098 3809; x_wconf 80' lang='lat' dir='ltr'>Nam</span> <span class='ocrx_word' id='word_1_213' title='bbox 2128 3739 2301 3824; x_wconf 89' lang='lat' dir='ltr'>quod</span> <span class='ocrx_word' id='word_1_214' title='bbox 2328 3730 2812 3801; x_wconf 86' lang='lat' dir='ltr'>Westerhovius</span> 
     </span>
     <span class='ocr_line' id='line_1_29' title="bbox 424 3836 2818 3943; baseline -0.008 -25"><span class='ocrx_word' id='word_1_215' title='bbox 424 3859 644 3918; x_wconf 86' lang='lat' dir='ltr'>contra</span> <span class='ocrx_word' id='word_1_216' title='bbox 673 3854 991 3937; x_wconf 76' lang='lat' dir='ltr'>Gruyetum</span> <span class='ocrx_word' id='word_1_217' title='bbox 1035 3855 1298 3937; x_wconf 88' lang='lat' dir='ltr'>monuit,</span> <span class='ocrx_word' id='word_1_218' title='bbox 1347 3855 1674 3939; x_wconf 83' lang='lat' dir='ltr'>Hecyrae</span> <span class='ocrx_word' id='word_1_219' title='bbox 1703 3851 2099 3943; x_wconf 83' lang='lat' dir='ltr'>potissimum</span> <span class='ocrx_word' id='word_1_220' title='bbox 2130 3844 2479 3910; x_wconf 89' lang='lat' dir='ltr'>actionibus</span> <span class='ocrx_word' id='word_1_221' title='bbox 2507 3836 2818 3921; x_wconf 79' lang='lat' dir='ltr'>prologos</span> 
     </span>
     <span class='ocr_line' id='line_1_30' title="bbox 422 3939 2817 4054; baseline -0.011 -29"><span class='ocrx_word' id='word_1_222' title='bbox 422 3959 787 4025; x_wconf 87' lang='lat' dir='ltr'>tribuendos</span> <span class='ocrx_word' id='word_1_223' title='bbox 844 3979 997 4043; x_wconf 89' lang='lat' dir='ltr'>esse,</span> <span class='ocrx_word' id='word_1_224' title='bbox 1056 3960 1392 4043; x_wconf 86' lang='lat' dir='ltr'>refellitur,</span> <span class='ocrx_word' id='word_1_225' title='bbox 1458 3982 1627 4029; x_wconf 89' lang='lat' dir='ltr'>cum</span> <span class='ocrx_word' id='word_1_226' title='bbox 1688 3964 1781 4030; x_wconf 88' lang='lat' dir='ltr'>illi</span> <span class='ocrx_word' id='word_1_227' title='bbox 1834 3954 2106 4044; x_wconf 86' lang='lat' dir='ltr'>prologi,</span> <span class='ocrx_word' id='word_1_228' title='bbox 2176 3957 2249 4015; x_wconf 91' lang='lat' dir='ltr'>ut</span> <span class='ocrx_word' id='word_1_229' title='bbox 2302 3946 2481 4013; x_wconf 88' lang='lat' dir='ltr'>nobis</span> <span class='ocrx_word' id='word_1_230' title='bbox 2537 3939 2817 4054; x_wconf 77' lang='lat' dir='ltr'>videtur,</span> 
     </span>
     <span class='ocr_line' id='line_1_31' title="bbox 425 4043 2831 4154; baseline -0.007 -25"><span class='ocrx_word' id='word_1_231' title='bbox 425 4086 466 4129; x_wconf 91' lang='lat' dir='ltr'>a</span> <span class='ocrx_word' id='word_1_232' title='bbox 520 4066 817 4131; x_wconf 87' lang='lat' dir='ltr'>Terentio</span> <span class='ocrx_word' id='word_1_233' title='bbox 876 4065 1130 4148; x_wconf 90' lang='lat' dir='ltr'>quidem</span> <span class='ocrx_word' id='word_1_234' title='bbox 1185 4086 1320 4131; x_wconf 92' lang='lat' dir='ltr'>non</span> <span class='ocrx_word' id='word_1_235' title='bbox 1375 4067 1553 4133; x_wconf 89' lang='lat' dir='ltr'>facti</span> <span class='ocrx_word' id='word_1_236' title='bbox 1570 4120 1592 4154; x_wconf 89' lang='lat'>,</span> <span class='ocrx_word' id='word_1_237' title='bbox 1671 4070 1788 4138; x_wconf 85' lang='lat' dir='ltr'>sed</span> <span class='ocrx_word' id='word_1_238' title='bbox 1846 4068 2016 4131; x_wconf 85' lang='lat' dir='ltr'>certe</span> <span class='ocrx_word' id='word_1_239' title='bbox 2083 4062 2232 4121; x_wconf 85' lang='lat' dir='ltr'>ante</span> <span class='ocrx_word' id='word_1_240' title='bbox 2297 4050 2551 4117; x_wconf 87' lang='lat' dir='ltr'>fabulae</span> <span class='ocrx_word' id='word_1_241' title='bbox 2616 4043 2831 4124; x_wconf 73' lang='lat' dir='ltr'>ipslus</span> 
     </span>
     <span class='ocr_line' id='line_1_32' title="bbox 424 4170 1328 4255; baseline 0 -18"><span class='ocrx_word' id='word_1_242' title='bbox 424 4172 701 4237; x_wconf 91' lang='lat' dir='ltr'>actiones</span> <span class='ocrx_word' id='word_1_243' title='bbox 745 4170 1129 4255; x_wconf 88' lang='lat' dir='ltr'>pronuntiati</span> <span class='ocrx_word' id='word_1_244' title='bbox 1176 4172 1328 4237; x_wconf 88' lang='lat' dir='ltr'>sint.</span> 
     </span>
    </p>
   </div>
   <div class='ocr_carea' id='block_1_4' title="bbox 421 4298 843 4311">
    <p class='ocr_par' dir='ltr' id='par_1_7' title="bbox 421 4298 843 4311">
     <span class='ocr_line' id='line_1_33' title="bbox 421 4298 843 4311; baseline 0 748"><span class='ocrx_word' id='word_1_245' title='bbox 421 4298 843 4311; x_wconf 95' lang='lat' dir='ltr'> </span> 
     </span>
    </p>
   </div>
   <div class='ocr_carea' id='block_1_5' title="bbox 640 4349 1087 4420">
    <p class='ocr_par' dir='ltr' id='par_1_8' title="bbox 640 4349 1087 4420">
     <span class='ocr_line' id='line_1_34' title="bbox 640 4349 1087 4420; baseline 0 -14"><span class='ocrx_word' id='word_1_246' title='bbox 640 4349 676 4414; x_wconf 89' lang='lat'>¹)</span> <span class='ocrx_word' id='word_1_247' title='bbox 744 4366 836 4420; x_wconf 88' lang='lat' dir='ltr'>pp.</span> <span class='ocrx_word' id='word_1_248' title='bbox 875 4350 1087 4415; x_wconf 79' lang='lat' dir='ltr'><strong><em>269s70.</em></strong></span> 
     </span>
    </p>
   </div>
  </div>
 </body>
</html>
