3350 5059
1323 330 1761 393 -51—

587 507 877 590 Denique
921 508 1320 573 manifestam
1363 506 1668 573 habemus
1714 526 1985 589 causam,
2047 526 2155 571 cur
2199 508 2531 572 Terentius
2585 506 2703 573 hos

381 614 672 698 prologos
693 616 738 694 ¹)
795 632 921 678 non
976 614 1114 697 ipsc
1170 614 1622 696 conscripserit.
1681 650 1769 659 --—
1834 613 2143 679 Nimirum
2213 614 2383 695 quod
2450 614 2703 679 omnino

379 740 504 786 non
552 719 688 803 jam
745 721 981 785 Romae
1037 719 1286 803 aderat,
1348 740 1490 786 cum
1546 720 1799 803 Hecyra
1864 720 2091 784 iterum
2149 726 2459 802 ageretur.
2575 717 2702 784 Sed

379 827 565 891 liceat
608 826 688 892 de
732 826 853 891 hac
897 826 1279 909 quaestione,
1329 848 1518 908 quam
1548 846 1741 909 supra
1761 824 1896 910 jam
1927 826 2198 890 breviter
2228 826 2702 908 perstrinximus

384 931 468 1020 [p.
514 930 624 1019 42]
640 982 656 1014 ,
703 952 868 997 nunc
912 933 1260 998 accuratius
1305 932 1642 1016 disputare.

587 1075 793 1158 Vulgo
824 1075 1016 1158 igitur
1046 1073 1317 1139 creditur
1339 1073 1667 1138 Terentius
1699 1079 1841 1157 post
1869 1074 2116 1139 tertiam
2142 1072 2389 1138 demum
2415 1073 2706 1153 Hecyrae

380 1180 708 1263 actionem,
769 1202 959 1263 quam
1013 1180 1179 1246 ludis
1235 1179 1553 1262 RomaniS,
1610 1180 1705 1245 Id.
1762 1179 2005 1264 Septbr.
2066 1179 2411 1261 celebratiS,
2471 1179 2705 1244 factam

380 1306 516 1352 esse
559 1287 713 1352 satis
758 1289 1077 1371 constat,²)
1123 1287 1189 1351 in
1220 1285 1548 1353 Graeciam
1595 1285 1912 1368 profectus
1958 1305 2111 1350 esse.
2189 1284 2366 1362 Quae
2396 1286 2709 1350 sententia

378 1393 597 1458 nititur
643 1413 736 1476 ec,
796 1394 962 1476 quod
1021 1394 1088 1457 in
1145 1392 1403 1458 Suetoni
1460 1392 1595 1455 vita
1650 1392 2033 1456 Terentiana
2088 1399 2393 1473 narratur,
2451 1396 2706 1475 poetam

379 1505 554 1581 post
619 1499 877 1564 editas
935 1498 1374 1564 comoedias
1430 1497 1496 1561 in
1553 1498 1887 1564 Graeciam
1945 1518 2261 1581 egressum
2320 1516 2472 1562 esse.
2577 1496 2703 1562 Sed

380 1604 589 1669 editae
634 1611 810 1670 erant
854 1604 1217 1670 comoediae
1252 1603 1386 1689 jam
1435 1602 1544 1669 diu
1591 1611 1736 1668 ante
1782 1603 2030 1669 tertiam
2061 1606 2349 1688 Hecyrae
2394 1604 2705 1668 actionem

379 1711 501 1792 vel,
534 1710 587 1775 si
610 1708 932 1793 Adelphos
965 1718 1109 1776 ante
1132 1732 1190 1776 a.
1216 1732 1278 1776 u.
1305 1710 1504 1775 0.5c4
1535 1711 1805 1793 primum
1837 1718 2041 1775 actam
2068 1730 2204 1775 esse
2236 1710 2542 1793 concediS,
2568 1709 2705 1794 jam

378 1823 522 1899 post
575 1816 968 1882 Phormionis
1023 1818 1361 1899 actionem,
1417 1816 1459 1881 i.
1509 1837 1561 1881 e.
1621 1836 1834 1882 mense
1889 1817 2240 1900 Septembri
2300 1838 2357 1882 a.
2418 1817 2566 1881 593.
2616 1853 2702 1862 —-

379 1922 628 1987 Dixerit
672 1924 1003 2006 quispiam,
1051 1923 1332 1988 fabulam
1376 1921 1652 1987 nondum
1698 1929 2013 2006 peractam
2062 1943 2140 1987 ne
2186 1922 2419 1987 editam
2451 1922 2709 2005 quidem

381 2047 534 2093 esse.
627 2027 756 2093 Sed
799 2029 1120 2111 „fabulam
1152 2029 1380 2094 edere“
1425 2028 1581 2093 nihil
1613 2028 1788 2093 aliud
1818 2028 2171 2112 significare
2202 2029 2468 2111 videtur,
2519 2050 2706 2111 quam

380 2134 752 2217 „fabulam
736 2157 800 2199 m
831 2155 1080 2199 scenam
1113 2134 1327 2218 dare“3
1373 2135 1635 2200 multum
1661 2141 1871 2200 autem
1902 2136 2201 2200 interesse
2231 2135 2393 2199 inter
2423 2135 2704 2200 fabulam

381 2240 447 2304 in
492 2260 742 2305 scenam
787 2240 1001 2305 datam
1033 2247 1094 2306 et
1138 2241 1418 2306 fabulam
1447 2248 1767 2324 peractam
1801 2247 2064 2325 apparet
2095 2262 2175 2305 ex
2206 2241 2383 2305 initio
2413 2242 2703 2326 Hecyrae

380 2347 626 2430 prologi
670 2348 914 2431 prioriS,
963 2348 1070 2413 ubi
1117 2348 1336 2413 fabula
1380 2347 1531 2413 data
1587 2368 1627 2412 a
1681 2347 1899 2413 fabula
1941 2353 2223 2432 spectata
2267 2346 2699 2432 distinguitur:

593 2539 632 2573 „
1673 2512 1688 2552 ε
1737 2488 1900 2554 haec.
1939 2510 2077 2554 cum
2126 2489 2391 2554 datast

593 2596 838 2678 Nova,
883 2615 1115 2662 novom
1158 2596 1493 2661 intervenit
1537 2595 1763 2661 vitium
1808 2602 1871 2659 et
1915 2596 2258 2678 calamitaS,

594 2702 680 2767 Ut
723 2722 926 2785 neque
983 2722 1066 2788 sp
1085 2702 1333 2768 ectari
1387 2722 1590 2785 neque
1637 2702 1928 2784 cognosci
1971 2702 2309 2784 potuerit.“

595 2843 914 2920 Quaecum
959 2845 1051 2908 ita
1095 2845 1236 2927 sint,
1283 2844 1458 2909 nulla
1501 2850 1596 2909 est
1626 2862 1836 2924 causa,
1884 2862 1992 2907 cur
2022 2844 2384 2908 Terentium
2414 2850 2703 2910 auctumo

383 2970 442 3013 a.
489 2969 550 3014 u.
599 2968 650 3014 c.
700 2949 830 3013 594
875 2950 942 3014 in
988 2950 1319 3016 Graeciam
1375 2950 1721 3033 profectum
1782 2968 1918 3013 esse
1974 2954 2281 3032 putemus.
2374 2950 2707 3015 Praeterea

381 3060 596 3120 notum
643 3061 738 3120 est
780 3030 988 3122 hieme
1019 3056 1273 3120 ineunte
1317 3057 1626 3123 neminem
1684 3056 1845 3120 ultro
1902 3055 2195 3138 periculis
2245 3056 2595 3120 maritumis
2639 3076 2707 3121 se

382 3158 718 3244 objecisse·
697 3211 714 3245 ,
774 3163 1214 3246 gravissimum
1260 3170 1467 3229 autem
1516 3166 1610 3227 est
1654 3162 1773 3227 hoc
1815 3161 2097 3228 Philonis
2143 3160 2371 3227 Judaei
2430 3159 2574 3249 [leg.
2624 3163 2707 3227 ad

382 3266 525 3333 Gai.
572 3267 701 3332 548
747 3291 831 3334 m.
892 3272 951 3349 ξ.
1000 3266 1096 3355 3]:

592 3386 854 3477 „o’tgxfi
901 3387 1034 3477 γὰρ
1079 3383 1164 3477 ’ἦν
1207 3420 1294 3477 με
1313 3386 1656 3476 eoadem)
1702 3399 2049 3466 τελευταῖος
2090 3394 2285 3467 πλοῦς
2314 3397 2439 3465 roc}
2468 3400 2710 3464 βαλαν-

590 3493 926 3564 τεύουοτυιί
974 3502 1090 3562 oet.

591 3636 716 3703 Sed
749 3642 990 3702 constat
1017 3636 1125 3701 illo
1155 3636 1336 3701 initio
1368 3632 1831 3721 ,,μετοπῶρου“,
1880 3635 2048 3719 quod
2077 3634 2365 3701 nimirum
2401 3636 2470 3699 in
2498 3634 2709 3700 medio

380 3743 515 3808 fere
559 3750 891 3809 auctumno
936 3741 1295 3827 ponendum
1341 3746 1452 3823 est,
1511 3740 1793 3805 Philonis
1846 3743 2227 3825 temporibus
2284 3740 2704 3825 significatum

383 3868 519 3915 esse
564 3850 1026 3932 aequinoctium
1043 3851 1089 3930 ⁸)
1138 3848 1454 3915 auctumni
1503 3844 1584 3935 [a.
1635 3845 1696 3912 d.
1728 3847 1869 3913 VH.
1918 3847 2049 3914 Cal.
2098 3846 2373 3935 Octobr.]
2458 3849 2707 3914 Nautae

599 4026 636 4095 1)
705 4028 932 4085 Constat
981 4029 1226 4099 Hecyrae
1279 4028 1563 4097 prologum
1617 4026 1849 4095 priorem
1910 4028 1984 4082 ad
2036 4028 2355 4096 secundam,
2426 4029 2705 4097 prologum

384 4118 610 4173 altemm
645 4117 719 4172 ad
754 4117 970 4172 tertiam
1005 4115 1222 4171 fabulae
1258 4118 1520 4171 actionem
1555 4116 1819 4185 scriptum
1855 4131 1988 4171 esse.

597 4222 635 4288 ²)
704 4223 806 4279 Rh.
845 4224 982 4278 Mus.
1019 4222 1170 4277 XXI.
1205 4238 1260 4291 p.
1299 4223 1382 4278 73.

597 4328 636 4393 ¹³)
706 4328 773 4385 cf.
809 4330 909 4386 Pb.
945 4330 1008 4385 E.
1044 4329 1326 4385 Huschke:
1369 4330 1519 4398 „Das
1554 4329 1662 4384 alte
1698 4327 1963 4383 romische
1997 4328 2133 4385 Jahr
2167 4330 2279 4385 und
2314 4329 2462 4385 scine
2497 4322 2705 4395 Tage.“

385 4416 671 4475 Romische
707 4416 950 4488 Studien,
985 4420 1028 4475 Ι.
1065 4435 1119 4490 p.
1159 4416 1280 4475 133.

2282 4522 2355 4579 43·
