3350 5059
1383 298 1823 361 ...53-

445 483 1021 544 commemorantur.
1091 478 1444 543 Verisimile
1475 477 1667 561 igitur
1700 480 1795 540 est
1823 476 2185 541 Terentium
2216 497 2343 542 non
2362 476 2500 563 jam
2531 480 2769 544 Romae

442 582 655 667 fuisse,
702 585 792 648 ita
836 588 906 649 ut
947 584 1210 651 Luscius
1255 605 1398 650 eum
1443 582 1776 669 objurgare
1818 602 1947 647 non
1990 588 2219 667 posset.

654 690 886 756 Versus
931 698 1137 757 autem
1183 692 1301 755 46:

759 797 898 881 „Ne
943 818 1085 863 eum
1131 798 1617 864 circumventum
1661 796 1876 879 inique
1920 795 2121 879 iniqui
2165 795 2546 864 inrideant.“

443 923 567 968 non
612 903 818 968 minus
863 903 943 969 de
988 905 1245 970 absente
1291 924 1479 987 quam
1528 902 1608 969 de
1649 908 1980 988 praesente
2011 903 2304 969 Terentio
2334 904 2460 971 dici
2501 912 2767 989 poterat.

441 1014 774 1077 Praeterea
796 1011 1144 1093 Terentiae,
1177 1012 1228 1075 si
1263 1010 1655 1075 adversarios
1685 1010 1753 1073 in
1781 1009 2043 1092 prologo
2066 1028 2179 1076 suo
2203 1018 2765 1095 commemorasset,

443 1116 599 1180 talia
651 1118 847 1181 verba
901 1137 1028 1182 non
1083 1122 1507 1201 usurpasset,
1552 1116 1680 1181 illis
1735 1115 1903 1180 enim
1959 1115 2220 1198 fatetur,
2290 1136 2359 1181 se
2411 1118 2633 1183 timere
2687 1139 2769 1183 ne

443 1221 788 1288 adversarii
842 1223 1192 1306 superiores
1244 1222 1415 1288 fiant.
1507 1222 1644 1288 Hoc
1699 1226 2025 1304 tantopere
2082 1222 2377 1288 abhorret
2430 1244 2472 1289 a
2514 1225 2770 1290 Terenti

441 1327 672 1393 fiducia
714 1329 782 1393 in
828 1329 1084 1412 reliquis
1135 1329 1412 1412 prologis
1469 1335 1532 1394 et
1586 1329 1652 1394 in
1690 1328 2019 1411 *prioribus
2075 1333 2138 1393 et
2190 1330 2385 1395 multo
2443 1331 2647 1414 magis
2702 1332 2769 1397 in

439 1434 888 1518 posterioribus
933 1454 1248 1518 expressa,
1296 1443 1366 1500 ut
1407 1442 1541 1500 tam
1585 1434 1860 1499 demissa
1905 1440 1969 1499 et
2014 1435 2277 1500 humilia
2304 1438 2500 1502 verba
2543 1444 2770 1521 poetae

439 1542 711 1607 tribuere
755 1561 1082 1623 nequeam.
1173 1541 1381 1624 Atque
1424 1541 1584 1607 haec
1626 1541 1880 1624 quidem
1926 1541 2048 1606 hac
2090 1548 2290 1608 tenus.

653 1647 871 1713 Liceat
926 1646 1081 1711 mihi
1133 1636 1368 1732 paucis'
1408 1648 1616 1714 verbis
1674 1647 2229 1732 comprehendere,
2296 1669 2461 1733 quae
2516 1651 2769 1716 demon-

440 1754 736 1819 stravisse
781 1774 882 1819 me
927 1754 1210 1820 arbitror.

649 1860 750 1925 Ex
807 1861 1209 1943 argumentiS,
1281 1879 1444 1942 quae
1501 1880 1695 1944 supra
1750 1866 1893 1926 sunt
1951 1860 2163 1945 allata,
2224 1861 2507 1928 concludi
2564 1868 2770 1946 potest

442 1968 704 2033 alterum
734 1959 1040 2051 Hecyrae
1069 1966 1398 2049 prologum
1430 1975 1596 2031 certe
1627 1988 1753 2032 non
1784 1988 1825 2031 a
1854 1966 2169 2050 Terentio,
2217 1968 2329 2033 sed
2360 1970 2438 2033 ab
2468 1969 2767 2035 Ambivio

445 2073 778 2156 Turpione,
825 2072 1078 2138 domino
1124 2074 1354 2156 gregiS,
1414 2073 1522 2155 qui
1580 2073 1765 2138 huius
1820 2074 2065 2157 prologi
2122 2080 2333 2157 partes
2387 2081 2765 2160 susceperat,

448 2180 855 2262 conscriptum
901 2198 1068 2263 esse,
1117 2177 1228 2244 sed
1267 2180 1321 2243 si
1367 2179 1765 2245 concedimus
1795 2178 2129 2264 Adelphon
2174 2182 2482 2247 actionem
2526 2203 2583 2246 a.
2616 2203 2677 2247 u.
2712 2202 2766 2249 c.

446 2284 574 2349 594
629 2305 754 2349 non
809 2286 1078 2369 primam
1135 2284 1348 2368 fuisse,
1411 2286 1546 2351 sine
1603 2286 1735 2351 ulla
1788 2286 2176 2352 dubitatione
2233 2288 2423 2353 etiam
2478 2289 2768 2372 Hecyrae

442 2391 736 2475 prologus
781 2392 951 2474 prior
993 2392 1286 2457 Ambivio
1329 2388 1695 2458 tribuendus
1740 2400 1853 2461 est.
1886 2430 1971 2439 —
2003 2394 2331 2459 Terentius
2377 2400 2585 2459 autem
2632 2395 2769 2481 ipse

441 2503 550 2560 aut
594 2502 832 2562 aestate
877 2505 987 2563 aut
1029 2519 1176 2564 vere
1223 2499 1371 2563 anni
1418 2500 1548 2563 594
1594 2497 1730 2582 jam
1789 2499 1856 2563 in
1902 2500 2233 2565 Graeciam
2290 2500 2606 2583 profectus
2652 2506 2765 2565 est.
