3350 5059
701 718 846 827 De
919 719 1396 828 Arusiani
1468 696 1814 830 Messii
1884 719 2499 830 testimoniis

1278 896 1935 1054 Terentianis.

469 1178 474 1182 ,
645 1108 721 1171 In
763 1108 1158 1191 praefatione
1204 1110 1288 1174 ad
1318 1110 1614 1175 Arusiani
1643 1111 1859 1177 Messii
1904 1111 2241 1193 „exempla
2286 1110 2771 1192 elocutionum“,

435 1232 634 1296 nuper
687 1213 754 1277 in
811 1216 1367 1298 grammaticorum
1416 1216 1756 1282 latinorum
1800 1218 2121 1283 volumine
2165 1217 2303 1281 VH.
2365 1216 2555 1297 edita,
2603 1216 2773 1279 Hen-

433 1320 598 1383 ricus
642 1320 888 1385 Keilius
935 1321 1406 1405 demonstravit,
1468 1342 1684 1387 omnes
1738 1323 1911 1387 illius
1956 1323 2099 1387 libri
2148 1322 2395 1387 codices
2443 1321 2663 1387 ductos
2709 1328 2774 1386 et

437 1424 777 1508 descriptos
831 1441 969 1492 esse
1025 1448 1106 1492 ex
1159 1427 1375 1493 codice
1428 1428 1848 1511 Neapolitano
1905 1428 2323 1493 bibliothecae
2376 1428 2593 1511 regiae
2639 1427 2774 1509 1V.,

435 1530 544 1613 A.,
609 1532 710 1596 11.
814 1533 953 1597 Hac
1003 1533 1198 1616 igitur
1252 1534 1319 1598 in
1373 1533 1676 1615 editione,
1738 1554 1901 1615 quae
1958 1534 2127 1598 illius
2184 1532 2417 1598 codicis
2474 1532 2774 1598 lectiones

438 1637 711 1719 exhibet,
771 1640 1167 1720 grammatici
1213 1640 1522 1722 scriptura
1568 1639 1652 1703 ad
1706 1646 1943 1704 certam
2000 1638 2190 1703 fidem
2244 1645 2541 1704 revocata
2602 1644 2715 1704 est.
2729 1637 2775 1723 ¹)

435 1741 830 1825 Quamquam
877 1750 1086 1808 autem
1117 1744 1570 1827 Neapolitanus
1615 1764 1758 1809 cum
1803 1744 2199 1825 gravioribus
2245 1744 2613 1827 corruptelis
2643 1763 2772 1808 non

431 1854 632 1929 vacet,
681 1848 765 1912 ad
795 1849 1050 1913 Terenti
1079 1849 1330 1915 fabulas
1361 1848 1790 1913 emendandas
1819 1849 1992 1914 haud
2023 1851 2287 1914 multum
2316 1851 2507 1932 valet,
2557 1856 2765 1915 tamen

435 1973 664 2037 operae
709 1956 980 2038 pretium
1026 1961 1138 2037 est,
1188 1955 1481 2038 exempla
1527 1976 1607 2019 ex
1637 1956 2036 2020 Terentianis
2082 1955 2314 2020 fabulis
2346 1958 2426 2021 ab
2459 1956 2773 2021 Arusiano

435 2059 753 2143 adscripta
810 2081 1201 2144 componere.
1283 2060 1460 2141 *Nam
1517 2060 1865 2125 conferenti
1924 2061 2077 2125 mihi
2132 2062 2433 2126 lectiones
2476 2061 2776 2126 Arusiani

434 2166 807 2231 testimoniis
861 2168 1104 2231 oblatas
1161 2186 1303 2231 cum
1361 2166 1452 2231 eis
1465 2216 1484 2249 ,
1554 2185 1713 2247 quas
1768 2167 1947 2232 codd.
2012 2167 2376 2232 Terentiani
2444 2168 2772 2250 praebent,

435 2270 832 2336 Victorianus
877 2293 958 2337 ex
1004 2273 1292 2337 omnibus
1335 2272 1513 2338 libris
1559 2274 2006 2356 manuscriptis
2058 2274 2247 2357 longe
2303 2274 2585 2338 maxima
2639 2272 2777 2338 affi-

435 2376 633 2442 nitate
678 2398 822 2442 cum
865 2378 1284 2462 Neapolitano
1332 2378 1697 2463 conjunctus
1740 2379 2075 2445 videbatur
2124 2400 2279 2445 esse.

647 2484 746 2547 Ex
825 2503 948 2565 quo
1026 2485 1306 2566 sequitur
1385 2485 1762 2549 sententiam
1830 2484 2320 2568 Umpfenbachii
2333 2535 2350 2568 ,
2424 2485 2532 2567 qui
2612 2484 2781 2548 hunc
2814 2498 2817 2501 ·

435 2587 714 2653 codicem
763 2590 1231 2675 „recensionem
1276 2588 1739 2674 Galliopianam
1785 2611 1865 2655 ex
1905 2591 2139 2655 Donati
2198 2596 2547 2655 commento
2602 2589 2779 2653 refic-

436 2695 611 2759 tam“
657 2695 954 2760 exhibere
999 2695 1398 2779 existimat,²)
1444 2698 1701 2779 probari
1746 2716 1872 2761 non
1918 2715 2122 2779 posse.

648 2801 945 2866 Arusiani
976 2802 1170 2885 igitur
1216 2809 1517 2867 centum
1565 2809 1638 2867 et
1684 2802 2190 2885 septuaginta
2234 2801 2781 2865 triatestimonia

437 2906 822 2971 Terentiana
876 2908 943 2972 in
996 2908 1120 2971 tria
1176 2927 1412 2990 genera
1466 2907 1900 2972 distribuenda
1966 2913 2127 2972 sunt.
2228 2907 2508 2974 Primum
2576 2926 2775 2989 genus

436 3011 833 3094 amplectitur
880 3032 956 3076 ea
1001 3014 1310 3097 exempla,
1371 3033 1533 3095 quae
1580 3013 1834 3079 easdem
1880 3012 2181 3078 lectiones
2227 3013 2525 3077 exhibent
2585 3018 2778 3093 atque

436 3136 654 3182 omnes
684 3117 928 3183 codices
958 3118 1352 3203 Terentiani3
1401 3120 1666 3184 alterum
1699 3124 1943 3184 constat
1974 3138 2055 3185 ex
2084 3118 2477 3201 testimoniis,
2512 3138 2776 3201 quorum

433 3223 734 3290 lectiones
779 3225 859 3288 ab
905 3226 1185 3289 omnium
1231 3225 1513 3291 codicum
1561 3226 1871 3309 scriptura
1924 3224 2253 3307 recedunt3
2325 3224 2577 3289 tertium
2635 3243 2778 3288 con-

341 3343 344 3345 ’
434 3330 593 3394 tinet
637 3349 745 3394 eos
788 3350 1026 3412 versus,
1087 3331 1194 3395 ubi
1239 3330 1588 3397 Arusianus
1646 3339 1757 3398 aut
1781 3380 1785 3385 -
1809 3353 1952 3397 cum
2005 3351 2129 3397 uno
2186 3329 2401 3396 codice
2456 3329 2613 3393 facit
2668 3335 2779 3393 aut

435 3455 576 3500 cum
622 3435 1064 3518 compluribus.
1134 3437 1418 3519 Apparet
1447 3439 1718 3520 primum
1752 3444 1815 3503 et
1845 3439 2112 3503 alterum
2141 3455 2341 3521 genus
2370 3435 2531 3499 nihil
2560 3435 2776 3499 valere

438 3540 520 3605 ad
563 3541 738 3605 illam
798 3541 1230 3622 quaestionem
1287 3542 1674 3626 solvendam,
1734 3530 2100 3633 quibuscum
2157 3541 2555 3625 potissimum
2612 3539 2783 3604 codi-

436 3646 608 3711 cibus
663 3646 1062 3712 'I'erentianis
1118 3650 1564 3731 grammaticus
1632 3649 2006 3714 consentiat.
2110 3646 2239 3713 Sed
2305 3646 2503 3710 nihilo
2571 3646 2780 3711 minus

443 3752 634 3817 etiam
688 3752 850 3818 haec
902 3772 1138 3836 genera
1192 3755 1503 3837 tractabo,
1574 3761 1645 3819 ut
1701 3754 2199 3819 testimoniorum
2268 3772 2515 3817 summa
2582 3752 2781 3817 oculis

438 3855 824 3941 subjiciatur.
1423 3850 1432 3858 ’

655 4036 692 4103 ¹)
763 4035 1220 4105 Umpfenbachius
1273 4043 1330 4093 et
1382 4038 1573 4107 reliqui
1629 4038 1865 4091 editores
1917 4037 2000 4091 usi
2062 4040 2189 4089 sunt
2248 4034 2576 4091 editionibus
2635 4034 2781 4087 illius

437 4126 772 4193 grammatici
810 4142 846 4181 a
879 4126 1023 4181 Maio
1061 4143 1109 4182 a.
1150 4127 1305 4195 1815,
1346 4128 1486 4181 1823
1522 4131 1578 4181 et
1613 4142 1647 4181 a
1683 4126 2054 4179 Lindemanno
2094 4140 2145 4178 a.
2184 4125 2323 4178 1830
2360 4122 2536 4178 factis.

655 4228 693 4292 ⁹)
763 4230 1053 4299 Umpfenb.
1089 4230 1258 4301 praef.
1296 4248 1350 4301 p.
1393 4235 1438 4287 1.
1489 4262 1554 4271 —
1603 4232 1728 4286 Duo
1784 4246 1985 4299 genera
2020 4229 2470 4284 Terentianorum
2522 4226 2779 4281 librorum

438 4332 556 4373 esse
591 4320 782 4373 statuit
805 4318 1109 4389 Umpfenb.,
1150 4320 1422 4388 antiquius
1459 4321 1685 4374 alterum
1715 4320 1903 4373 codice
1927 4317 2189 4373 Bembino
2228 4315 2288 4384 [S.
2314 4314 2529 4381 1V.sv.]
2567 4330 2782 4384 reprae-

437 4411 724 4474 sentatum,
765 4407 992 4462 alterum
1030 4424 1098 4461 ex
1132 4409 1447 4464 recensione
1485 4407 1735 4475 Calliopii
1772 4407 2012 4461 ductum.
