3350 5059
1490 355 1923 420 -47-

653 558 662 565 -
755 514 1030 584 Primum
1077 525 1244 591 enim
1271 528 1560 615 Hecyrae
1603 534 1899 620 prologus
1940 537 2131 602 etiam
2174 540 2541 619 argumento
2584 532 2870 599 diversus

546 618 639 677 est
683 636 723 680 a
767 622 1024 706 reliquis
1069 634 1364 720 prologis.
1457 642 1620 707 Nam
1676 642 1743 707 in
1801 644 1897 708 his
1952 650 2141 727 poeta
2196 661 2442 725 semper
2498 641 2633 705 fere
2676 639 2871 705 verba

541 716 695 785 facit
742 722 822 790 de
865 741 1063 799 semet
1107 738 1244 823 ipso
1307 745 1509 829 deque
1554 768 1760 814 rerum
1818 771 2069 816 suarum
2126 755 2293 815 statu
2350 768 2426 812 ac
2482 746 2867 827 condicione,

537 827 855 899 rarissime
896 846 1102 907 autem
1150 846 1232 913 de
1277 859 1485 920 actore
1528 857 1632 921 vel
1677 856 1757 922 de
1802 877 2013 942 grege.-
2100 859 2172 923 In
2215 860 2429 920 nostro
2476 860 2686 919 autem
2732 870 2871 934 pro-

483 948 490 956 ·
537 928 681 1014 logo
713 941 924 1007 omnia
953 948 1044 1013 sic
1072 950 1362 1024 instituta
1391 970 1550 1047 sunt,
1586 970 1655 1029 ut
1684 966 1871 1049 idem,
1906 968 2015 1049 qui
2049 965 2378 1051 prologum
2414 961 2482 1024 in
2513 980 2702 1025 scena
2734 976 2873 1041 pro·

534 1041 878 1131 nuntiabat,
905 1071 1050 1119 eum
1073 1060 1267 1127 etiam
1293 1070 1616 1153 scripsisse
1639 1073 1951 1159 videatur,
1979 1095 2129 1139 nam
2152 1091 2293 1137 cum
2317 1073 2505 1151 poeta
2528 1066 2595 1132 in
2618 1063 2873 1147 reliquis

531 1146 803 1231 prologis
838 1174 1088 1243 semper
1120 1165 1257 1235 fere
1289 1173 1370 1239 de
1393 1196 1462 1242 se
1491 1179 1801 1265 loquatur,
1834 1184 1901 1248 in
1931 1186 2141 1248 nostro
2174 1174 2409 1242 semel
2438 1172 2626 1238 modo
2657 1192 2761 1237 vv.
2786 1166 2874 1233 44

527 1254 589 1311 et
620 1252 717 1317 45
776 1278 1320 1361 commemoratur,
1372 1303 1754 1369 quamquam
1809 1290 1913 1356 hic
1968 1289 2269 1374 prologus
2325 1278 2627 1363 majorem
2686 1297 2875 1360 quam

523 1360 710 1424 ceteri
761 1377 1016 1447 praeter
1067 1378 1765 1462 Heautontimorumeni
1811 1399 2142 1482 prologum
2198 1406 2527 1457 numerum
2585 1404 2877 1451 versuum

520 1466 814 1534 continet.
893 1477 1059 1545 Tum
1099 1494 1294 1567 poeta
1336 1492 1615 1565 actorem
1655 1502 1737 1568 de
1779 1512 1988 1571 actore
2021 1502 2127 1570 vel
2168 1498 2252 1564 de
2286 1512 2481 1579 grege
2519 1492 2877 1575 lOslUssnoem

516 1563 670 1633 facit
703 1578 880 1642 verbi
923 1586 1134 1665 prima
1166 1613 1443 1676 persona
1475 1606 1818 1692 singularis
1852 1611 2094 1679 numeri
2126 1611 2242 1673 aut
2276 1599 2536 1688 pluralis
2572 1595 2877 1665 adhibita:

721 1680 793 1745 In
843 1686 1194 1763 Andriae
1239 1707 1510 1793 prologo
1573 1762 2265 1785 .......
2337 1698 2604 1789 Semel,

723 1785 789 1851 in
835 1792 1262 1883 Adelphon
1311 1816 1581 1902 prologo
1692 1866 2270 1894 ......
2340 1814 2605 1893 semel,

718 1891 784 1957 in
827 1898 1346 1982 Phormionis
1393 1925 1662 2011 prologo
1691 1975 2270 1997 ......
2343 1920 2463 1985 bis

717 1998 784 2063 in
829 2003 1203 2082 Eunuchi
1250 2026 1525 2112 prologo
1575 2082 2267 2105 .......
2342 2025 2646 2107 terties,

710 2103 777 2169 in
821 2109 1733 2205 Heautontimorumeni
1764 2146 2044 2230 prologo,
2078 2159 2275 2227 quem

813 2216 1166 2291 Ambivius
1237 2236 1508 2317 quidem
1577 2247 1870 2315 recitavit
1879 2302 1897 2334 ,
1967 2252 2079 2319 scd
2140 2265 2276 2314 1¹01¹

811 2330 1217 2417 conscripsit,
1267 2343 1469 2409 modo
1577 2397 2150 2424 ‚‚‚‚‚‚
2253 2400 2269 2414 .
2344 2342 2793 2423 duodecies,

700 2421 768 2487 in
813 2427 878 2492 H
891 2450 928 2493 e
942 2452 1192 2517 cyrae
1253 2452 1477 2513 autem
1525 2456 1811 2541 prologo,
1860 2482 2047 2544 quem
2093 2461 2273 2527 idem

805 2532 1156 2609 Ambivius
1204 2552 1516 2622 recitavit
1580 2608 2275 2635 .......
2351 2550 2887 2625 duodetricies·

693 2648 881 2727 Quod
928 2667 1404 2742 gravissimum
1455 2678 1767 2749 indicium
1810 2689 1967 2754 mihi
2008 2690 2267 2755 videtur
2316 2700 2478 2761 0886,
2526 2676 2891 2743 Ambivium

465 2756 755 2819 nostrum
785 2764 1138 2849 prologum
1171 2795 1309 2840 non
1333 2784 1537 2849 modo
1567 2795 2028 2878 pronuntiasse,
2062 2795 2177 2860 sed
2202 2791 2405 2856 etiam
2432 2781 2891 2865 conscripsisse.

683 2880 1037 2952 Praeterea
1095 2893 1272 2961 illud
1333 2905 1542 2970 etiam
1599 2910 1723 2975 hac
1765 2935 1836 2978 re
1891 2910 2322 2993 confirmatur,
2386 2906 2560 2991 quod
2614 2902 2897 2970 nonnulli

457 2995 685 3046 versus
733 3005 818 3050 ex
865 2992 1018 3057 aliis
1065 3002 1400 3087 prologis,
1453 3010 1752 3094 inprimis
1797 3038 1877 3082 ex
1922 3018 2148 3086 Heaut.
2198 3016 2500 3102 prolog0,
2560 3008 2793 3092 sumpti
2838 3012 2902 3071 ct

449 3080 518 3145 in
565 3084 741 3154 hunc
788 3099 1116 3182 translati,
1191 3109 1418 3187 quid?
1501 3137 1586 3180 ex
1641 3128 1823 3201 parte
1868 3126 1953 3188 ad
1995 3127 2262 3190 verbum
2312 3116 2686 3200 transcripti
2731 3114 2904 3178 inve·

441 3188 733 3258 niuntur.
785 3238 868 3247 —
915 3204 1096 3271 Nam
1149 3214 1721 3289 verisimillimum
1768 3232 1881 3308 est,
1928 3230 2322 3309 Ambivium,
2376 3244 2529 3289 cum
2576 3219 2906 3305 PYOlOgum

435 3290 712 3363 fabulae
773 3305 1122 3388 cujusdam
1185 3318 1652 3391 Terentianae
1708 3334 2153 3415 conscriberet,
2226 3332 2423 3397 cuius
2495 3331 2712 3411 partes
2773 3322 2912 3405 ipse

429 3410 859 3485 suscepturus
907 3424 1072 3497 erat,
1125 3440 1290 3485 cum
1345 3447 1440 3489 ex
1489 3433 1640 3496 aliis
1684 3435 1961 3519 prologis
2014 3444 2147 3502 tum
2205 3456 2295 3501 ex
2342 3429 2917 3499 Heautontimoru-

429 3507 606 3569 meni
654 3513 958 3599 prologo,
1011 3524 1281 3607 quippe
1318 3550 1531 3610 quem
1567 3537 1704 3619 ipse
1738 3538 1875 3622 jam
1906 3550 2090 3606 antea
2120 3542 2498 3619 recitasset,
2550 3532 2919 3617 sumpsisse,

429 3624 890 3700 quaecumque
937 3624 1040 3689 illi
1089 3630 1506 3709 placebant.
1543 3676 1624 3687 -
1653 3642 1779 3705 Vix
1824 3646 1989 3709 enim
2024 3644 2163 3728 jam
2210 3644 2585 3727 quisquam
2634 3636 2925 3704 Bentlssio

419 3719 840 3806 assentietur,
913 3731 1034 3809 qui
1099 3734 1526 3805 Terentium
1597 3752 1795 3813 semet
1860 3749 2065 3831 ipsum
2118 3748 2515 3831 suppilasse
2574 3740 2930 3829 putabat.¹)

411 3815 556 3881 Sed
603 3820 756 3904 jam
799 3830 1001 3898 liceat
1049 3838 1248 3905 locos
1315 3864 1414 3907 ex
1475 3848 1632 3913 aliis
1686 3852 1963 3935 prologis
2014 3858 2311 3935 sumptos
2376 3858 2455 3915 et
2518 3851 2588 3913 in
2642 3854 2937 3913 nostrum

407 3926 776 3995 translatos
821 3955 1212 4023 proponere
1227 3969 1248 4008 ε

1051 4068 1071 4109 :
1124 4058 1438 4129 „orator
1489 4054 1582 4119 ad
1629 4076 1743 4121 vos
1784 4059 1969 4123 venio
2012 4064 2243 4123 ornatu
2290 4057 2650 4141 prologi.“

395 4130 694 4202 Heaut·
745 4148 914 4224 Ptol»
975 4152 1006 4211 1
1025 4153 1058 4213 1
1079 4174 1101 4213 :
1191 4162 1613 4233 „oratorem
1671 4180 1809 4225 esse
1862 4160 2060 4225 voluit
2114 4180 2241 4243 mc,
2308 4182 2459 4225 non
2524 4159 2951 4245 prologum.“

630 4314 672 4375 ¹)
747 4318 1120 4393 Quamquam
1179 4331 1250 4383 in
1307 4334 1594 4401 prologis
1637 4334 1973 4389 Terentiana
2024 4335 2251 4403 saepius
2310 4336 2575 4388 eaedem
2630 4333 2963 4426 sententiae

377 4399 658 4463 prolatae
703 4412 868 4472 sunt,
929 4416 1142 4469 tamen
1201 4418 1444 4472 ezulem
1501 4420 1678 4475 verba
1730 4418 1841 4475 scre
1893 4434 2187 4487 numquam
2248 4431 2550 4485 usurpata
2610 4420 2963 4469 invemmua

2720 4837 2905 4967 A
