3350 5059
1558 340 1997 405 —34—

614 521 804 606 paulo
848 526 992 605 post
1035 520 1318 603 alteram,
1366 520 1533 603 quod
1579 520 1647 583 in
1693 539 1907 585 earum
1953 520 2230 603 prologis
2258 527 2513 604 poetam
2544 540 2611 586 se
2643 541 2683 585 a
2712 522 2940 605 probro

613 628 722 692 illo
780 626 1117 693 defendere
1173 627 1479 709 videmuS,
1540 625 1711 708 quod
1768 648 1809 690 a
1852 626 2164 709 Scipione,
2222 627 2458 710 Laelio,
2522 628 2663 693 aliis
2720 628 2941 693 amicis

613 734 681 799 in
737 734 968 799 fabulis
1025 732 1469 817 componendis
1537 730 1789 815 adjutus
1856 732 1955 796 sit.
2070 733 2234 798 Nam
2301 733 2469 799 idem
2538 733 2940 799 maledictum

613 841 928 906 invenitur
973 846 1035 905 et
1079 840 1145 905 in
1189 840 1524 904 Heautont.
1571 838 1729 921 prol.
1755 858 1839 903 iv.
1890 838 1973 903 22
2021 857 2144 922 sq.:

825 975 1030 1056 „Tum
1078 971 1247 1055 quod
1290 971 1622 1036 malivolus
1667 978 1847 1035 vetus
1890 977 2081 1055 poeta
2127 971 2389 1055 dictitat,

825 1082 1106 1163 Repente
1153 1078 1238 1143 ad
1281 1077 1555 1145 studium
1602 1076 1768 1142 hunc
1812 1097 1879 1143 se
1926 1077 2276 1161 adplicasse
2321 1080 2645 1161 musicum,

827 1187 1115 1251 Amicum
1162 1185 1416 1269 ingenio
1461 1183 1709 1266 fretum,
1759 1183 1931 1248 haud
1976 1190 2201 1249 natura
2246 1206 2389 1250 sua:

827 1293 1172 1358 Arbitrium
1216 1297 1513 1373 vostrum,
1562 1296 1777 1355 vostra
1822 1291 2221 1356 existumatio

824 1399 1077 1464 Valebit
1129 1436 1206 1447 -·
1254 1434 1344 1444 —
1390 1399 1542 1463 --.“

615 1511 678 1570 et
724 1506 788 1570 in
833 1505 1104 1589 Adelph.
1150 1505 1307 1589 prol.
1354 1525 1414 1569 v.
1470 1504 1550 1568 15
1595 1523 1723 1586 sq.:

827 1612 1032 1694 „Nam
1079 1611 1249 1694 quod
1293 1611 1398 1675 isti
1444 1609 1658 1675 dicunt
1703 1612 2005 1695 malivoli,
2053 1611 2337 1679 homines
2384 1613 2613 1677 nobilis

825 1719 990 1784 Eum
1035 1716 1320 1801 adjutare
1367 1716 1755 1800 adsidueque
1800 1738 1929 1782 una
1972 1718 2260 1800 scribere,

828 1822 1011 1901 Quod
1054 1825 1147 1888 illi
1192 1823 1593 1913 maledictum
1640 1843 1897 1889 vemens
1943 1843 2079 1889 esse
2126 1823 2525 1906 existumant,

824 1931 983 1994 Eam
1029 1930 1280 1996 laudem
1325 1930 1428 1995 hic
1472 1930 1644 1996 ducit
1688 1950 2067 2013 maxumam,
2116 1950 2305 2012 quom
2349 1930 2476 1994 illis
2520 1931 2745 2014 placet,

826 2036 949 2115 Qui
995 2038 1174 2104 vobis
1219 2038 1526 2103 universis
1571 2042 1636 2101 et
1675 2037 1911 2120 populo
1958 2038 2229 2121 placent,
2272 2070 2291 2093 ·

827 2141 1106 2220 Quorum
1152 2163 1346 2227 opera
1390 2144 1456 2207 in
1506 2143 1686 2226 bello,
1734 2144 1801 2207 in
1846 2143 1995 2227 otio,
2043 2144 2111 2208 in
2156 2144 2410 2227 negotio

825 2248 954 2314 Suo
982 2251 1267 2332 quisque
1311 2257 1592 2333 tempore
1638 2256 1815 2315 usust
1859 2250 1994 2315 sine
2014 2235 2020 2239 ¹
2039 2250 2396 2334 superbia“.

826 2392 1054 2457 Mirum
1096 2391 1380 2475 profecto
1428 2398 1608 2474 esset,
1657 2393 1711 2457 si
1756 2398 1945 2476 poeta
1989 2392 2109 2457 isto
2140 2391 2368 2474 probro
2402 2397 2547 2457 ante
2576 2392 2945 2458 Heautonti-

613 2498 961 2563 morumeni
1007 2498 1315 2563 actionem
1364 2519 1404 2562 a
1431 2498 1658 2563 Luscio
1706 2499 2029 2563 lacessitus
2076 2505 2138 2564 et
2182 2498 2370 2563 trium
2403 2520 2707 2564 annorum
2739 2499 2943 2583 spatio

615 2604 968 2671 intermisso
1029 2599 1108 2690 [a.
1159 2601 1313 2690 594]
1373 2604 1438 2668 in
1484 2604 1819 2688 Adelphon
1865 2606 2110 2671 actione
2167 2606 2394 2670 iterum
2438 2612 2704 2670 vexatus
2761 2610 2941 2671 esset.

616 2710 901 2794 Apparet
968 2710 1160 2793 igitur
1212 2709 1535 2794 Adelphos
1601 2712 1792 2795 paulo
1861 2732 1902 2795 p
1917 2719 2035 2777 ost
2054 2712 2101 2795 ¹)
2172 2712 2944 2777 Heautontimorumenum

617 2824 822 2891 actam
869 2836 1034 2901 esse3
1096 2838 1244 2882 nam
1289 2817 1466 2881 illam
1509 2816 1790 2882 fabulam
1838 2824 2015 2883 ante
2059 2818 2835 2886 Heautontimorumenum
2879 2819 2947 2882 in

617 2942 870 2989 scenam
914 2943 1040 2988 non
1087 2923 1301 2989 datam
1347 2943 1484 2989 esse
1519 2922 1657 3007 jam
1703 2945 1893 3009 supra
1938 2924 2521 2991 demonstravimus

829 3054 957 3121 Sed
1012 3057 1255 3121 accedit
1312 3058 1501 3123 etiam
1561 3056 1735 3122 aliud
1791 3058 2123 3142 quiddam,
2189 3079 2313 3141 quo
2370 3064 2585 3123 nostra
2640 3060 2950 3125 sententia

616 3162 938 3247 probetur3
1015 3162 1302 3228 videmus
1360 3165 1526 3228 enim
1584 3171 1837 3247 poe'tam
1896 3166 1975 3228 ab
2034 3164 2257 3229 eodem
2310 3166 2521 3230 Luscii
2593 3165 2944 3247 maledicto,

617 3288 842 3351 nempe
889 3287 956 3333 se
1011 3268 1244 3332 furtum
1305 3268 1547 3350 fecisse,
1609 3270 1674 3332 in
1721 3268 2055 3352 Adelphon
2112 3276 2173 3334 et
2229 3271 2292 3334 in
2339 3270 2631 3335 Eunuchi
2686 3271 2947 3354 prologo

617 3393 685 3440 se
731 3373 1097 3457 defendere3
1169 3374 1289 3439 hoc
1334 3374 1537 3439 elucet
1582 3395 1662 3440 ex
1708 3374 1979 3458 Adelph.
2028 3375 2184 3458 prol.
2234 3396 2337 3442 vv.
2391 3376 2627 3461 13s14:

1896 3538 1975 3549 —
2025 3501 2447 3584 „Perncscite,

829 3606 1250 3671 Furtumne
1296 3603 1532 3670 factum
1579 3605 1971 3671 existumetis
2015 3627 2099 3671 an
2140 3607 2347 3672 locum

830 3714 1236 3796 Reprensum,
1287 3712 1394 3794 qui
1439 3712 1815 3795 praeteritus
1860 3714 2379 3796 neglegentiast“.

620 3824 684 3883 et
729 3838 809 3883 ex
852 3819 1013 3884 Eun.
1061 3819 1215 3903 prol.
1264 3839 1326 3883 v.
1376 3818 1462 3883 20
1507 3838 1633 3901 sq.:

839 3980 874 4043 ¹)
947 3980 1149 4035 Contra
1182 3979 1324 4034 hanc
1359 3981 1678 4033 sententiam
1718 3982 1777 4034 P.
1805 3980 1986 4033 attulit
2007 3980 2157 4049 illud,
2194 3982 2342 4050 quod
2370 3984 2568 4051 legitur
2589 3985 2725 4053 prol.
2752 3985 2947 4040 Heaut.

621 4086 673 4123 v.
719 4071 812 4123 22:
876 4070 1048 4137 „Tum
1092 4069 1240 4137 quod
1291 4069 1576 4122 malivolus
1628 4073 1793 4136 poeta
1847 4065 2181 4126 dictitat“.
2255 4073 2396 4127 Illud
2445 4066 2759 4140 ‚‚dictitare“
2806 4074 2947 4127 enim

623 4159 986 4213 demonstrare
1021 4157 1166 4211 illam
1203 4158 1600 4211 accusationem
1629 4157 1748 4226 jam
1786 4163 1945 4213 antea
1981 4161 2197 4224 saepius
2230 4178 2264 4215 a
2290 4162 2481 4216 Luscio
2514 4162 2781 4228 prolatam
2815 4177 2946 4215 esse.

625 4274 690 4282 -
729 4246 838 4301 Sed
874 4246 1100 4313 primum
1139 4246 1359 4313 quidum
1403 4246 1626 4299 verbum
1663 4244 1979 4313 ‚,dictitare“
2016 4264 2124 4302 non
2169 4265 2378 4316 semper
2421 4247 2586 4302 habet
2630 4248 2947 4303 sententiam

620 4332 1099 4404 frequentativam3
1137 4332 1332 4387 deinde
1358 4334 1564 4389 etiamsi
1587 4335 1724 4390 illud
1751 4337 2095 4391 concedimus
2119 4336 2356 4389 nondum
2380 4336 2635 4406 sequitur,
2668 4336 2949 4404 Adelphos

622 4427 774 4477 ante
809 4424 1098 4477 Heautont.
1135 4423 1440 4489 ponendam
1476 4438 1608 4477 esse.
2176 4423 2193 4449 ¹*
