3350 5059
1587 328 2028 395 ...32-

637 529 765 574 non
806 513 1032 593 potest.
1082 546 1168 555 -
1215 507 1668 573 Wilmannsius
1724 507 1919 591 igitur
1964 508 2303 592 Adelphon
2348 510 2617 592 primam
2666 510 2979 587 actionem

639 615 834 681 fuisse
903 615 1323 680 arbitrabatur
1390 614 1554 679 inter
1614 614 1905 698 Hecyrae
1974 615 2243 698 primam
2308 621 2371 680 et
2430 616 2980 683 Heautontimoru-

639 722 808 788 meni
855 722 1185 804 actionem,
1233 721 1775 789 Paeckelmannus
1822 728 2034 786 autem
2076 722 2239 787 inter
2270 722 2553 787 Andriae
2596 729 2659 787 et
2689 724 2979 807 Hecyrae

639 829 969 894 actionem.
1063 828 1349 893 Donatus
1396 828 1564 893 enim
1621 827 1689 892 in
1743 826 2079 911 Adelphon
2136 828 2532 912 praefatione
2588 829 2748 895 haec
2793 830 2977 895 dicit:

639 936 858 1019 „Haec
881 955 1034 1013 sane
1058 942 1202 1000 acta
1226 941 1322 1001 est
1342 933 1509 1000 ludis
1532 933 1901 999 funebribus
1924 935 1993 998 L.
2009 936 2267 999 Aemilii
2283 935 2527 1004 Pauli“.
2562 936 2726 1001 Aliis
2750 936 2981 1003 deinde

639 1025 1151 1107 adnotationibus
1207 1041 1594 1126 interpositis
1661 1040 1821 1105 haec
1886 1048 2252 1123 sequuntur:
2332 1042 2559 1126 „Hanc
2626 1043 2843 1109 dicunt
2902 1064 2981 1109 ex

638 1148 1038 1214 Terentianis
1083 1148 1418 1214 secundo
1458 1148 1594 1212 loco
1629 1154 1855 1229 actam,
1890 1148 2078 1211 etiam
2115 1155 2244 1213 tum
2277 1148 2419 1214 rudi
2451 1149 2703 1215 nomine
2734 1157 2979 1235 poetae,

637 1256 854 1339 itaque
921 1256 1012 1321 sic
1077 1256 1578 1339 pronuntiatam:
1658 1253 2033 1338 „Adelphoe
2104 1256 2425 1339 Terenti“,
2497 1277 2623 1323 non
2680 1258 2979 1341 „Terenti

638 1362 1041 1446 Adelphoe“:
1092 1361 1262 1444 quod
1307 1361 1516 1427 adhuc
1559 1362 1766 1445 magis
1812 1360 1891 1426 de
1936 1361 2191 1427 fabulae
2236 1363 2491 1428 nomine
2534 1370 2742 1447 poeta,
2789 1384 2981 1446 quam

637 1469 720 1535 de
777 1476 1004 1553 poetae
1057 1470 1311 1533 nomine
1364 1469 1582 1534 fabula
1638 1468 2257 1535 commendabatur“.
2353 1469 2532 1546 Quae
2587 1472 2785 1536 verba
2829 1471 2983 1535 Wil-

637 1577 961 1642 mannsius
1007 1582 1070 1642 et
1113 1575 1655 1641 Paeckelmannus
1707 1596 2005 1659 perverse
2062 1576 2569 1660 interpretantur,
2634 1577 2792 1642 illud
2844 1596 2981 1661 „se-

637 1683 843 1749 cundo
910 1683 1048 1747 loco
1119 1683 1369 1747 actam“
1435 1682 1779 1747 referentes
1848 1682 1932 1746 ad
1998 1683 2271 1765 priorem
2340 1683 2596 1750 fabulae
2672 1684 2981 1749 actionem

637 1797 972 1874 postquam
1019 1789 1263 1853 Andria
1307 1789 1513 1872 prima
1559 1789 1626 1854 in
1668 1809 1924 1853 scenam
1971 1789 2125 1854 data
2168 1792 2340 1871 est-.¹)

853 1932 982 1998 Sed
1026 1932 1378 2015 Wagnerus
1425 1928 1657 2019 [annal.
1703 1930 2007 2014 philolog.
2061 1931 2227 1995 1865
2274 1952 2337 2015 p.
2375 1929 2645 2019 259s90]
2694 1938 2758 1997 et
2788 1933 2984 1998 Bosse

643 2036 726 2126 [p.
779 2040 819 2102 5
866 2035 985 2125 sq.]
1055 2037 1669 2120 demonstraverunt,
1735 2037 1893 2103 illud
1950 2037 2265 2120 „secundo
2320 2038 2503 2102 loco“
2560 2045 2846 2122 spectare
2900 2039 2984 2104 ad

641 2144 923 2211 ordinem
993 2144 1459 2228 alphabeticum
1527 2144 1592 2207 in
1662 2144 1895 2209 fabulis
1964 2144 2344 2209 collocandis
2413 2143 2794 2228 adhibitum,
2875 2146 2982 2227 qui

641 2252 832 2317 etiam
879 2252 946 2316 in
990 2250 1226 2315 Donati
1272 2251 1722 2315 commentario
1770 2257 1833 2315 et
1877 2250 2092 2316 codice
2136 2250 2498 2315 Victoriano
2546 2257 2610 2316 et
2639 2253 2981 2317 Decurtato

641 2364 914 2423 extaret:
963 2356 1268 2441 „Andria,
1313 2356 1663 2441 Adelphoe‚
1697 2356 2057 2440 Eunuchus,
2105 2358 2387 2439 Formio,
2435 2358 2983 2423 Heautontimoru-

640 2484 880 2547 menus,
927 2464 1304 2548 Hecyra“.²)

855 2606 982 2672 Sed
1050 2611 1190 2672 utut
1255 2604 1415 2671 haec
1480 2625 1580 2670 res
1647 2624 1717 2670 se
1785 2603 2005 2686 habet,
2084 2612 2252 2670 certe
2306 2606 2503 2671 verba
2554 2607 2788 2671 Donati
2857 2628 2985 2671 non

641 2720 929 2797 spectant
992 2712 1078 2777 ad
1131 2712 1401 2797 primam
1457 2712 1632 2775 illam
1696 2710 2033 2795 Adelphon
2094 2711 2404 2776 actionem
2466 2732 2507 2775 a
2566 2712 2983 2779 Wilmannsio

643 2828 707 2886 et
765 2820 1269 2888 Paeckelmanno
1339 2818 1762 2884 constitutam.
1876 2818 2039 2882 Nam
2103 2818 2258 2881 satis
2324 2818 2733 2900 probabiliter
2786 2820 2985 2884 Bosse

645 2924 729 3014 [p.
771 2928 810 2991 9
859 2925 1021 3013 sqq.]
1071 2926 1362 3009 ostendit,
1411 2926 1775 3009 „Donatum
1821 2924 1887 2989 in
1934 2924 2299 2989 didascaliis
2330 2923 2649 3009 Adelphos
2700 2946 2827 2990 non
2866 2946 2982 3010 pro

643 3033 918 3099 secunda
951 3034 1168 3098 fabula
1199 3038 1592 3097 numeratam
1639 3032 1973 3114 invenisse,
2021 3031 2229 3113 ipsum
2274 3037 2483 3096 autem
2531 3031 2695 3096 hanc
2740 3038 2983 3097 senten-

643 3140 848 3223 tiam,·
881 3160 1021 3205 cum
1068 3160 1209 3204 eam
1264 3140 1427 3204 falsa
1481 3138 2027 3222 argumentatione
2084 3144 2429 3203 commotus
2487 3139 2802 3222 probaret,
2858 3159 2984 3203 non

845 3318 899 3383 .¹)
969 3318 1357 3374 Wilmannsius
1412 3317 1757 3370 existimabat
1774 3357 1788 3384 ‚
1846 3314 2126 3385 Adelphos
2188 3317 2419 3385 primum
2472 3318 2528 3370 in
2588 3333 2805 3372 scenam
2867 3334 2985 3373 esse

645 3411 829 3465 datam
864 3413 990 3479 post
1032 3408 1260 3475 primam
1296 3407 1544 3475 Hecyrae
1592 3405 1888 3473 actionem3
1950 3419 2276 3473 quamquam
2321 3412 2502 3460 autem
2547 3410 2663 3460 tum
2700 3406 2983 3475 Adelphoe

644 3514 753 3554 non
790 3498 1098 3564 secundum,
1138 3496 1234 3549 sed
1271 3495 1487 3549 tertium
1523 3496 1702 3549 locum
1740 3494 1965 3563 obtinet,
2012 3493 2222 3548 Andria
2268 3500 2321 3549 et
2368 3496 2583 3566 Hecyra
2628 3500 2789 3550 antea
2834 3495 2981 3562 actis,

644 3594 827 3643 tamen
864 3587 1027 3641 etiam
1063 3585 1167 3639 hoc
1203 3585 1444 3638 excusari
1480 3587 1688 3652 potest3
1729 3582 2081 3637 Wilmannsio
2120 3583 2261 3637 enim
2298 3585 2516 3655 Hecyra
2562 3601 2609 3639 a.
2646 3584 2753 3638 589
2792 3588 2987 3638 exacta

644 3678 702 3731 in
748 3676 988 3732 ordinem
1035 3676 1306 3730 actionum
1352 3673 1603 3727 Terentio
1648 3672 1776 3727 vivo
1832 3671 2097 3726 factarum
2150 3687 2259 3725 non
2311 3678 2528 3740 recepta
2580 3672 2798 3727 videtur
2852 3689 2985 3729 esse.

862 3818 901 3883 ²)
973 3820 1224 3873 Fortasse
1278 3821 1460 3870 tamen
1506 3815 1708 3869 Donati
1762 3813 1935 3867 verba
1988 3814 2152 3867 etiam
2208 3813 2276 3867 de
2330 3814 2502 3868 altera
2554 3814 2650 3869 illa
2696 3814 2989 3883 Adelpbon

647 3910 876 3973 actione,
925 3909 994 3962 de
1038 3923 1146 3976 qua
1190 3906 1571 3973 grammaticus
1616 3905 1672 3957 in
1718 3902 1935 3956 fabulae
1970 3900 2306 3969 praefatione
2350 3901 2577 3969 disserit,
2624 3904 2988 3970 intellegenda

648 4002 704 4052 et
741 3998 812 4052 ad
848 3994 1090 4051 ordinem
1126 3994 1428 4049 fabularum
1466 3999 1581 4046 tum
1618 3997 1863 4045 actarum
1899 3988 2176 4043 referenda
2212 3993 2353 4057 sunt,
2392 3996 2455 4044 ut
2488 3991 2623 4047 haec
2656 3989 2982 4059 significent:

647 4086 852 4154 „Ludis
897 4083 1210 4138 funebribus
1255 4084 1316 4137 L.
1355 4081 1573 4135 Aemilii
1611 4080 1766 4134 Pauli
1812 4094 1879 4132 ex
1924 4078 2259 4133 Terentianis
2302 4078 2517 4144 fabulis,
2575 4094 2714 4147 quae
2758 4082 2887 4129 tunc
2929 4077 2986 4129 in

646 4191 863 4230 scenam
900 4173 1183 4237 dabantur,
1221 4172 1426 4226 scilicet
1447 4170 1662 4239 Hecyra
1699 4171 1755 4221 et
1776 4166 2077 4235 Adelphoe‚
2115 4173 2238 4223 acta
2272 4174 2355 4222 est
2377 4167 2661 4235 Adelphoe
2696 4164 2986 4218 secundo

648 4264 820 4331 loco,
859 4264 1076 4332 Hecyra
1112 4256 1336 4330 primo“.
1373 4288 1442 4296 —
1477 4259 1618 4312 Tum
1653 4256 2102 4312 Pseudodonatus
2140 4258 2233 4311 illa
2268 4255 2437 4310 verba
2474 4255 2541 4309 de
2577 4254 2718 4308 tituli
2756 4269 2987 4323 pronun-

648 4353 876 4407 tiatione
910 4352 1158 4419 inseruit3
1220 4364 1360 4417 quae
1395 4347 1623 4414 sumpsit
1667 4362 1737 4400 ex
1782 4346 1888 4400 alio
1926 4346 2127 4399 Donati
2164 4346 2305 4411 locO,
2362 4342 2455 4409 qui
2504 4346 2654 4397 extat
2697 4344 2752 4396 in
2796 4341 2985 4409 fragm.

650 4442 719 4494 de
754 4446 895 4508 trag.
933 4444 988 4493 et
1023 4454 1160 4492 com.
1199 4435 1272 4505 [p.
1311 4436 1515 4492 XVIII.
1553 4436 1637 4489 ed.
1675 4431 1875 4499 Klotz].
