<?xml version="1.0" encoding="UTF-8"?>
<!DOCTYPE html PUBLIC "-//W3C//DTD XHTML 1.0 Transitional//EN"
    "http://www.w3.org/TR/xhtml1/DTD/xhtml1-transitional.dtd">
<html xmlns="http://www.w3.org/1999/xhtml" xml:lang="en" lang="en">
 <head>
  <title>
</title>
<meta http-equiv="Content-Type" content="text/html;charset=utf-8" />
  <meta name='ocr-system' content='tesseract 3.04.00' />
  <meta name='ocr-capabilities' content='ocr_page ocr_carea ocr_par ocr_line ocrx_word'/>
</head>
<body>
  <div class='ocr_page' id='page_1' title='image "./observationescr01schigoog_0045.png"; bbox 0 0 3350 5059; ppageno 0'>
   <div class='ocr_carea' id='block_1_1' title="bbox 1403 318 1839 381">
    <p class='ocr_par' dir='ltr' id='par_1_1' title="bbox 1403 318 1839 381">
     <span class='ocr_line' id='line_1_1' title="bbox 1403 318 1839 381; baseline 0 -15"><span class='ocrx_word' id='word_1_1' title='bbox 1403 318 1839 381; x_wconf 66' lang='lat'><strong>...41—</strong></span> 
     </span>
    </p>
   </div>
   <div class='ocr_carea' id='block_1_2' title="bbox 461 496 2785 689">
    <p class='ocr_par' dir='ltr' id='par_1_2' title="bbox 461 496 2785 689">
     <span class='ocr_line' id='line_1_2' title="bbox 461 496 2781 582; baseline -0.003 -15"><span class='ocrx_word' id='word_1_2' title='bbox 461 501 798 568; x_wconf 85' lang='lat' dir='ltr'>admodum</span> <span class='ocrx_word' id='word_1_3' title='bbox 843 520 1004 582; x_wconf 86' lang='lat' dir='ltr'>raro,</span> <span class='ocrx_word' id='word_1_4' title='bbox 1054 500 1217 564; x_wconf 90' lang='lat' dir='ltr'>hanc</span> <span class='ocrx_word' id='word_1_5' title='bbox 1260 498 1527 563; x_wconf 84' lang='lat' dir='ltr'>formam</span> <span class='ocrx_word' id='word_1_6' title='bbox 1558 496 1845 580; x_wconf 75' lang='lat' dir='ltr'>syllabae</span> <span class='ocrx_word' id='word_1_7' title='bbox 1873 498 1999 578; x_wconf 78' lang='lat' dir='ltr'>„a“</span> <span class='ocrx_word' id='word_1_8' title='bbox 2031 497 2399 580; x_wconf 78' lang='lat' dir='ltr'>productam</span> <span class='ocrx_word' id='word_1_9' title='bbox 2430 516 2781 581; x_wconf 80' lang='lat' dir='ltr'><strong>usurpasse.</strong></span> 
     </span>
     <span class='ocr_line' id='line_1_3' title="bbox 461 602 2785 689; baseline -0.002 -16"><span class='ocrx_word' id='word_1_10' title='bbox 461 608 803 673; x_wconf 78' lang='lat' dir='ltr'>Caecilium</span> <span class='ocrx_word' id='word_1_11' title='bbox 835 607 1103 673; x_wconf 84' lang='lat' dir='ltr'><strong>Statium</strong></span> <span class='ocrx_word' id='word_1_12' title='bbox 1149 606 1361 689; x_wconf 88' lang='lat' dir='ltr'>igitur,</span> <span class='ocrx_word' id='word_1_13' title='bbox 1411 602 1519 685; x_wconf 91' lang='lat' dir='ltr'>qui</span> <span class='ocrx_word' id='word_1_14' title='bbox 1549 602 1826 667; x_wconf 88' lang='lat' dir='ltr'>medium</span> <span class='ocrx_word' id='word_1_15' title='bbox 1859 604 2039 686; x_wconf 89' lang='lat' dir='ltr'>quasi</span> <span class='ocrx_word' id='word_1_16' title='bbox 2074 604 2275 669; x_wconf 89' lang='lat' dir='ltr'>locum</span> <span class='ocrx_word' id='word_1_17' title='bbox 2305 605 2468 669; x_wconf 90' lang='lat' dir='ltr'>inter</span> <span class='ocrx_word' id='word_1_18' title='bbox 2497 604 2785 671; x_wconf 88' lang='lat' dir='ltr'>Plautum</span> 
     </span>
    </p>
   </div>
   <div class='ocr_carea' id='block_1_3' title="bbox 459 710 2901 794">
    <p class='ocr_par' dir='ltr' id='par_1_3' title="bbox 459 710 2901 794">
     <span class='ocr_line' id='line_1_4' title="bbox 459 710 2901 794; baseline -0.002 -15"><span class='ocrx_word' id='word_1_19' title='bbox 459 720 522 779; x_wconf 90' lang='lat' dir='ltr'>et</span> <span class='ocrx_word' id='word_1_20' title='bbox 577 714 944 779; x_wconf 88' lang='lat' dir='ltr'>Terentium</span> <span class='ocrx_word' id='word_1_21' title='bbox 1001 713 1266 794; x_wconf 90' lang='lat' dir='ltr'>obtinet,</span> <span class='ocrx_word' id='word_1_22' title='bbox 1328 710 1494 775; x_wconf 89' lang='lat' dir='ltr'>hunc</span> <span class='ocrx_word' id='word_1_23' title='bbox 1549 728 1730 773; x_wconf 89' lang='lat' dir='ltr'>usum</span> <span class='ocrx_word' id='word_1_24' title='bbox 1785 711 2094 794; x_wconf 77' lang='lat' dir='ltr'>recepisse</span> <span class='ocrx_word' id='word_1_25' title='bbox 2149 711 2318 775; x_wconf 86' lang='lat' dir='ltr'>h‘aud</span> <span class='ocrx_word' id='word_1_26' title='bbox 2376 710 2787 794; x_wconf 81' lang='lat' dir='ltr'>improbabile</span> <span class='ocrx_word' id='word_1_27' title='bbox 2898 719 2901 726; x_wconf 89' lang='lat'>&#39;</span> 
     </span>
    </p>
   </div>
   <div class='ocr_carea' id='block_1_4' title="bbox 377 817 2789 1327">
    <p class='ocr_par' dir='ltr' id='par_1_4' title="bbox 377 817 2789 1327">
     <span class='ocr_line' id='line_1_5' title="bbox 422 817 2789 903; baseline -0.002 -18"><span class='ocrx_word' id='word_1_28' title='bbox 422 819 426 823; x_wconf 82' lang='grc'><strong>’</strong></span> <span class='ocrx_word' id='word_1_29' title='bbox 460 826 573 885; x_wconf 87' lang='grc'><strong>681.</strong></span> <span class='ocrx_word' id='word_1_30' title='bbox 669 819 824 885; x_wconf 89' lang='lat' dir='ltr'>Cum</span> <span class='ocrx_word' id='word_1_31' title='bbox 871 822 1080 885; x_wconf 86' lang='lat' dir='ltr'>autem</span> <span class='ocrx_word' id='word_1_32' title='bbox 1124 824 1454 903; x_wconf 88' lang='lat' dir='ltr'>praeterea</span> <span class='ocrx_word' id='word_1_33' title='bbox 1511 837 1590 882; x_wconf 91' lang='lat' dir='ltr'>ex</span> <span class='ocrx_word' id='word_1_34' title='bbox 1637 817 1835 881; x_wconf 89' lang='lat' dir='ltr'>altero</span> <span class='ocrx_word' id='word_1_35' title='bbox 1880 818 2169 901; x_wconf 80' lang='lat' dir='ltr'>Hecyrae</span> <span class='ocrx_word' id='word_1_36' title='bbox 2229 817 2490 900; x_wconf 86' lang='lat' dir='ltr'>prologo</span> <span class='ocrx_word' id='word_1_37' title='bbox 2550 817 2789 881; x_wconf 89' lang='lat' dir='ltr'>intelle-</span> 
     </span>
     <span class='ocr_line' id='line_1_6' title="bbox 459 916 2787 1010; baseline -0.002 -19"><span class='ocrx_word' id='word_1_38' title='bbox 459 946 701 1010; x_wconf 87' lang='lat' dir='ltr'>gamus,</span> <span class='ocrx_word' id='word_1_39' title='bbox 749 926 1110 991; x_wconf 87' lang='lat' dir='ltr'>Ambivium</span> <span class='ocrx_word' id='word_1_40' title='bbox 1157 925 1538 1009; x_wconf 85' lang='lat' dir='ltr'>Turpionem</span> <span class='ocrx_word' id='word_1_41' title='bbox 1595 916 2240 1007; x_wconf 78' lang='lat' dir='ltr'>„adulescentiorem“</span> <span class='ocrx_word' id='word_1_42' title='bbox 2286 924 2542 989; x_wconf 76' lang='lat' dir='ltr'>Caecilii</span> <span class='ocrx_word' id='word_1_43' title='bbox 2601 923 2787 989; x_wconf 90' lang='lat' dir='ltr'>Statii</span> 
     </span>
     <span class='ocr_line' id='line_1_7' title="bbox 377 1030 2788 1122; baseline -0.001 -25"><span class='ocrx_word' id='word_1_44' title='bbox 377 1116 385 1122; x_wconf 32' lang='grc' dir='ltr'>Ι</span> <span class='ocrx_word' id='word_1_45' title='bbox 461 1032 709 1099; x_wconf 88' lang='lat' dir='ltr'>fabulas</span> <span class='ocrx_word' id='word_1_46' title='bbox 755 1032 976 1115; x_wconf 79' lang='lat' dir='ltr'>egisse,</span> <span class='ocrx_word' id='word_1_47' title='bbox 1027 1030 1296 1096; x_wconf 90' lang='lat' dir='ltr'>eundem</span> <span class='ocrx_word' id='word_1_48' title='bbox 1341 1050 1590 1114; x_wconf 90' lang='lat' dir='ltr'>quoque</span> <span class='ocrx_word' id='word_1_49' title='bbox 1637 1050 1850 1096; x_wconf 88' lang='lat' dir='ltr'>senem</span> <span class='ocrx_word' id='word_1_50' title='bbox 1890 1030 2194 1097; x_wconf 89' lang='lat' dir='ltr'>eiusmodi</span> <span class='ocrx_word' id='word_1_51' title='bbox 2226 1031 2522 1114; x_wconf 89' lang='lat' dir='ltr'>pristinas</span> <span class='ocrx_word' id='word_1_52' title='bbox 2554 1030 2788 1095; x_wconf 87' lang='lat' dir='ltr'>formas</span> 
     </span>
     <span class='ocr_line' id='line_1_8' title="bbox 461 1137 2789 1223; baseline -0.001 -20"><span class='ocrx_word' id='word_1_53' title='bbox 461 1159 583 1204; x_wconf 89' lang='lat' dir='ltr'>non</span> <span class='ocrx_word' id='word_1_54' title='bbox 630 1138 996 1223; x_wconf 87' lang='lat' dir='ltr'>repudiasse</span> <span class='ocrx_word' id='word_1_55' title='bbox 1039 1156 1368 1221; x_wconf 90' lang='lat' dir='ltr'>possumus</span> <span class='ocrx_word' id='word_1_56' title='bbox 1416 1138 1813 1203; x_wconf 81' lang='lat' dir='ltr'>existumare.</span> <span class='ocrx_word' id='word_1_57' title='bbox 1890 1138 2113 1220; x_wconf 89' lang='lat' dir='ltr'>Itaque</span> <span class='ocrx_word' id='word_1_58' title='bbox 2157 1137 2261 1202; x_wconf 91' lang='lat' dir='ltr'>hic</span> <span class='ocrx_word' id='word_1_59' title='bbox 2292 1156 2541 1220; x_wconf 88' lang='lat' dir='ltr'>quoque</span> <span class='ocrx_word' id='word_1_60' title='bbox 2572 1156 2789 1203; x_wconf 87' lang='lat' dir='ltr'>versus</span> 
     </span>
     <span class='ocr_line' id='line_1_9' title="bbox 460 1244 2341 1327; baseline -0.001 -17"><span class='ocrx_word' id='word_1_61' title='bbox 460 1245 700 1327; x_wconf 89' lang='lat' dir='ltr'>aliquid</span> <span class='ocrx_word' id='word_1_62' title='bbox 745 1245 916 1310; x_wconf 85' lang='lat' dir='ltr'>valet</span> <span class='ocrx_word' id='word_1_63' title='bbox 961 1244 1044 1309; x_wconf 89' lang='lat' dir='ltr'>ad</span> <span class='ocrx_word' id='word_1_64' title='bbox 1089 1244 1580 1310; x_wconf 89' lang='lat' dir='ltr'>confirmandam</span> <span class='ocrx_word' id='word_1_65' title='bbox 1626 1250 1904 1309; x_wconf 88' lang='lat' dir='ltr'>nostram</span> <span class='ocrx_word' id='word_1_66' title='bbox 1949 1245 2341 1309; x_wconf 89' lang='lat' dir='ltr'>sententiam.</span> 
     </span>
    </p>
   </div>
   <div class='ocr_carea' id='block_1_5' title="bbox 458 1386 2286 1693">
    <p class='ocr_par' dir='ltr' id='par_1_5' title="bbox 458 1386 2286 1693">
     <span class='ocr_line' id='line_1_10' title="bbox 458 1386 1484 1453; baseline -0.003 0"><span class='ocrx_word' id='word_1_67' title='bbox 458 1388 498 1453; x_wconf 91' lang='lat' dir='ltr'><strong>J</strong></span> <span class='ocrx_word' id='word_1_68' title='bbox 500 1408 604 1451; x_wconf 89' lang='lat' dir='ltr'>am</span> <span class='ocrx_word' id='word_1_69' title='bbox 648 1386 977 1453; x_wconf 87' lang='lat' dir='ltr'>videamus</span> <span class='ocrx_word' id='word_1_70' title='bbox 1020 1406 1237 1452; x_wconf 88' lang='lat' dir='ltr'>versus</span> <span class='ocrx_word' id='word_1_71' title='bbox 1284 1387 1484 1451; x_wconf 75' lang='lat'>6-82</span> 
     </span>
     <span class='ocr_line' id='line_1_11' title="bbox 670 1484 2286 1577; baseline 0.001 -20"><span class='ocrx_word' id='word_1_72' title='bbox 670 1494 796 1577; x_wconf 84' lang='lat' dir='ltr'>„Et</span> <span class='ocrx_word' id='word_1_73' title='bbox 839 1494 894 1558; x_wconf 90' lang='lat' dir='ltr'>is</span> <span class='ocrx_word' id='word_1_74' title='bbox 941 1493 1048 1575; x_wconf 90' lang='lat' dir='ltr'>qui</span> <span class='ocrx_word' id='word_1_75' title='bbox 1095 1484 1344 1577; x_wconf 82' lang='lat' dir='ltr'>scripsit</span> <span class='ocrx_word' id='word_1_76' title='bbox 1388 1493 1552 1557; x_wconf 88' lang='lat' dir='ltr'>hanc</span> <span class='ocrx_word' id='word_1_77' title='bbox 1597 1495 1677 1559; x_wconf 89' lang='lat' dir='ltr'>ob</span> <span class='ocrx_word' id='word_1_78' title='bbox 1725 1515 1864 1559; x_wconf 89' lang='lat' dir='ltr'>eam</span> <span class='ocrx_word' id='word_1_79' title='bbox 1910 1515 2041 1559; x_wconf 92' lang='lat' dir='ltr'>rem</span> <span class='ocrx_word' id='word_1_80' title='bbox 2086 1494 2286 1559; x_wconf 90' lang='lat' dir='ltr'>noluit</span> 
     </span>
     <span class='ocr_line' id='line_1_12' title="bbox 671 1600 2186 1693; baseline 0.001 -30"><span class='ocrx_word' id='word_1_81' title='bbox 671 1600 906 1693; x_wconf 83' lang='lat' dir='ltr'>Iterum</span> <span class='ocrx_word' id='word_1_82' title='bbox 950 1600 1205 1683; x_wconf 87' lang='lat' dir='ltr'>referre,</span> <span class='ocrx_word' id='word_1_83' title='bbox 1253 1605 1323 1665; x_wconf 91' lang='lat' dir='ltr'>ut</span> <span class='ocrx_word' id='word_1_84' title='bbox 1367 1600 1592 1665; x_wconf 87' lang='lat' dir='ltr'>iterum</span> <span class='ocrx_word' id='word_1_85' title='bbox 1636 1607 1849 1683; x_wconf 89' lang='lat' dir='ltr'>posset</span> <span class='ocrx_word' id='word_1_86' title='bbox 1893 1600 2186 1684; x_wconf 88' lang='lat' dir='ltr'>vendere,</span> 
     </span>
    </p>
   </div>
   <div class='ocr_carea' id='block_1_6' title="bbox 672 1813 2277 1897">
    <p class='ocr_par' dir='ltr' id='par_1_6' title="bbox 672 1813 2277 1897">
     <span class='ocr_line' id='line_1_13' title="bbox 672 1813 2277 1897; baseline 0.001 -19"><span class='ocrx_word' id='word_1_87' title='bbox 672 1814 850 1878; x_wconf 87' lang='lat' dir='ltr'>Alias</span> <span class='ocrx_word' id='word_1_88' title='bbox 897 1813 1212 1897; x_wconf 86' lang='lat' dir='ltr'>cognostis</span> <span class='ocrx_word' id='word_1_89' title='bbox 1257 1813 1422 1877; x_wconf 88' lang='lat' dir='ltr'>eius:</span> <span class='ocrx_word' id='word_1_90' title='bbox 1486 1830 1721 1894; x_wconf 88' lang='lat' dir='ltr'>quaeso</span> <span class='ocrx_word' id='word_1_91' title='bbox 1767 1813 1930 1878; x_wconf 88' lang='lat' dir='ltr'>hanc</span> <span class='ocrx_word' id='word_1_92' title='bbox 1974 1814 2277 1879; x_wconf 89' lang='lat' dir='ltr'>noscite.“</span> 
     </span>
    </p>
   </div>
   <div class='ocr_carea' id='block_1_7' title="bbox 459 1954 2791 2786">
    <p class='ocr_par' dir='ltr' id='par_1_7' title="bbox 459 1954 2791 2786">
     <span class='ocr_line' id='line_1_14' title="bbox 673 1954 2790 2041; baseline -0.001 -18"><span class='ocrx_word' id='word_1_93' title='bbox 673 1960 822 2023; x_wconf 85' lang='lat' dir='ltr'>Post</span> <span class='ocrx_word' id='word_1_94' title='bbox 866 1975 1113 2021; x_wconf 88' lang='lat' dir='ltr'>versum</span> <span class='ocrx_word' id='word_1_95' title='bbox 1159 1956 1194 2018; x_wconf 99' lang='lat'><strong>7</strong></span> <span class='ocrx_word' id='word_1_96' title='bbox 1228 1954 1393 2019; x_wconf 88' lang='lat' dir='ltr'>hunc</span> <span class='ocrx_word' id='word_1_97' title='bbox 1435 1958 1765 2039; x_wconf 89' lang='lat' dir='ltr'>prologum</span> <span class='ocrx_word' id='word_1_98' title='bbox 1812 1977 2102 2023; x_wconf 88' lang='lat' dir='ltr'>mancum</span> <span class='ocrx_word' id='word_1_99' title='bbox 2151 1976 2287 2022; x_wconf 87' lang='lat' dir='ltr'>esse</span> <span class='ocrx_word' id='word_1_100' title='bbox 2324 1956 2461 2041; x_wconf 89' lang='lat' dir='ltr'>jam</span> <span class='ocrx_word' id='word_1_101' title='bbox 2507 1955 2723 2021; x_wconf 89' lang='lat' dir='ltr'>Ihnius</span> <span class='ocrx_word' id='word_1_102' title='bbox 2742 1954 2790 2040; x_wconf 92' lang='lat'>¹)</span> 
     </span>
     <span class='ocr_line' id='line_1_15' title="bbox 461 2061 2788 2147; baseline -0.001 -19"><span class='ocrx_word' id='word_1_103' title='bbox 461 2063 640 2128; x_wconf 82' lang='lat' dir='ltr'>vidit.</span> <span class='ocrx_word' id='word_1_104' title='bbox 734 2061 862 2128; x_wconf 84' lang='lat' dir='ltr'>Sed</span> <span class='ocrx_word' id='word_1_105' title='bbox 907 2083 1042 2127; x_wconf 88' lang='grc'><strong>611111</strong></span> <span class='ocrx_word' id='word_1_106' title='bbox 1093 2082 1326 2144; x_wconf 86' lang='lat' dir='ltr'>versus,</span> <span class='ocrx_word' id='word_1_107' title='bbox 1377 2063 1483 2144; x_wconf 92' lang='lat' dir='ltr'>qui</span> <span class='ocrx_word' id='word_1_108' title='bbox 1531 2063 1924 2147; x_wconf 87' lang='lat' dir='ltr'>antecedunt,</span> <span class='ocrx_word' id='word_1_109' title='bbox 1981 2084 2107 2127; x_wconf 90' lang='lat' dir='ltr'>non</span> <span class='ocrx_word' id='word_1_110' title='bbox 2150 2069 2318 2127; x_wconf 89' lang='grc'><strong>16616</strong></span> <span class='ocrx_word' id='word_1_111' title='bbox 2361 2063 2788 2144; x_wconf 84' lang='lat' dir='ltr'>intellexisset,</span> 
     </span>
     <span class='ocr_line' id='line_1_16' title="bbox 459 2169 2791 2253; baseline -0 -20"><span class='ocrx_word' id='word_1_112' title='bbox 459 2170 748 2234; x_wconf 86' lang='lat' dir='ltr'>lacunam</span> <span class='ocrx_word' id='word_1_113' title='bbox 792 2188 1086 2253; x_wconf 84' lang='lat' dir='ltr'>perverse</span> <span class='ocrx_word' id='word_1_114' title='bbox 1132 2169 1428 2251; x_wconf 86' lang='lat' dir='ltr'>explevit.</span> <span class='ocrx_word' id='word_1_115' title='bbox 1519 2170 1685 2235; x_wconf 84' lang='lat' dir='ltr'>Nam</span> <span class='ocrx_word' id='word_1_116' title='bbox 1714 2189 1932 2235; x_wconf 89' lang='lat' dir='ltr'>versus</span> <span class='ocrx_word' id='word_1_117' title='bbox 1978 2172 2017 2235; x_wconf 86' lang='grc'>6</span> <span class='ocrx_word' id='word_1_118' title='bbox 2051 2176 2113 2234; x_wconf 88' lang='grc'>61</span> <span class='ocrx_word' id='word_1_119' title='bbox 2147 2171 2182 2233; x_wconf 84' lang='grc'>7</span> <span class='ocrx_word' id='word_1_120' title='bbox 2217 2170 2308 2234; x_wconf 87' lang='grc'>816</span> <span class='ocrx_word' id='word_1_121' title='bbox 2352 2170 2791 2252; x_wconf 87' lang='lat' dir='ltr'>interpretatus</span> 
     </span>
     <span class='ocr_line' id='line_1_17' title="bbox 462 2275 2790 2359; baseline -0.001 -18"><span class='ocrx_word' id='word_1_122' title='bbox 462 2282 584 2341; x_wconf 86' lang='lat' dir='ltr'>est:</span> <span class='ocrx_word' id='word_1_123' title='bbox 633 2275 844 2359; x_wconf 89' lang='lat' dir='ltr'>„hanc</span> <span class='ocrx_word' id='word_1_124' title='bbox 888 2277 967 2341; x_wconf 92' lang='lat' dir='ltr'>ob</span> <span class='ocrx_word' id='word_1_125' title='bbox 999 2296 1140 2339; x_wconf 88' lang='lat' dir='ltr'>eam</span> <span class='ocrx_word' id='word_1_126' title='bbox 1172 2295 1305 2340; x_wconf 91' lang='lat' dir='ltr'>rem</span> <span class='ocrx_word' id='word_1_127' title='bbox 1349 2276 1618 2340; x_wconf 86' lang='lat' dir='ltr'>noluit“</span> <span class='ocrx_word' id='word_1_128' title='bbox 1667 2283 1782 2341; x_wconf 86' lang='grc'><strong>661.</strong></span> <span class='ocrx_word' id='word_1_129' title='bbox 1838 2275 2008 2341; x_wconf 88' lang='grc'><strong>1116111</strong></span> <span class='ocrx_word' id='word_1_130' title='bbox 2054 2275 2409 2359; x_wconf 84' lang='lat' dir='ltr'>significare</span> <span class='ocrx_word' id='word_1_131' title='bbox 2442 2295 2542 2340; x_wconf 87' lang='lat' dir='ltr'>ac:</span> <span class='ocrx_word' id='word_1_132' title='bbox 2593 2296 2790 2357; x_wconf 89' lang='lat' dir='ltr'>„non</span> 
     </span>
     <span class='ocr_line' id='line_1_18' title="bbox 461 2381 2788 2466; baseline 0 -19"><span class='ocrx_word' id='word_1_133' title='bbox 461 2384 540 2448; x_wconf 90' lang='lat' dir='ltr'>ob</span> <span class='ocrx_word' id='word_1_134' title='bbox 587 2403 728 2447; x_wconf 90' lang='lat' dir='ltr'>eam</span> <span class='ocrx_word' id='word_1_135' title='bbox 773 2403 906 2447; x_wconf 90' lang='lat' dir='ltr'>rem</span> <span class='ocrx_word' id='word_1_136' title='bbox 952 2382 1172 2447; x_wconf 87' lang='lat' dir='ltr'>voluit</span> <span class='ocrx_word' id='word_1_137' title='bbox 1227 2382 1453 2445; x_wconf 88' lang='lat' dir='ltr'>iterum</span> <span class='ocrx_word' id='word_1_138' title='bbox 1508 2381 1762 2463; x_wconf 87' lang='lat' dir='ltr'>referre,</span> <span class='ocrx_word' id='word_1_139' title='bbox 1822 2388 1892 2446; x_wconf 91' lang='lat' dir='ltr'>ut</span> <span class='ocrx_word' id='word_1_140' title='bbox 1947 2382 2171 2446; x_wconf 89' lang='lat' dir='ltr'>iterum</span> <span class='ocrx_word' id='word_1_141' title='bbox 2227 2388 2442 2466; x_wconf 90' lang='lat' dir='ltr'>posset</span> <span class='ocrx_word' id='word_1_142' title='bbox 2496 2381 2788 2464; x_wconf 88' lang='lat' dir='ltr'>vendere,</span> 
     </span>
     <span class='ocr_line' id='line_1_19' title="bbox 461 2488 2791 2571; baseline -0 -18"><span class='ocrx_word' id='word_1_143' title='bbox 461 2488 573 2557; x_wconf 84' lang='lat' dir='ltr'>sed</span> <span class='ocrx_word' id='word_1_144' title='bbox 631 2538 1017 2554; x_wconf 91' lang='grc'><strong>......</strong></span> <span class='ocrx_word' id='word_1_145' title='bbox 1025 2490 1064 2524; x_wconf 82' lang='grc'><strong>“</strong></span> <span class='ocrx_word' id='word_1_146' title='bbox 1156 2490 1241 2553; x_wconf 89' lang='grc' dir='ltr'>Α1</span> <span class='ocrx_word' id='word_1_147' title='bbox 1296 2488 1606 2553; x_wconf 86' lang='lat' dir='ltr'>Dziatzko</span> <span class='ocrx_word' id='word_1_148' title='bbox 1624 2490 1675 2571; x_wconf 76' lang='lat'>²)</span> <span class='ocrx_word' id='word_1_149' title='bbox 1734 2494 1902 2554; x_wconf 91' lang='grc'><strong>16616</strong></span> <span class='ocrx_word' id='word_1_150' title='bbox 1956 2488 2218 2553; x_wconf 82' lang='lat' dir='ltr'>adnotat</span> <span class='ocrx_word' id='word_1_151' title='bbox 2282 2490 2407 2571; x_wconf 92' lang='lat' dir='ltr'>„ob</span> <span class='ocrx_word' id='word_1_152' title='bbox 2466 2509 2605 2553; x_wconf 90' lang='lat' dir='ltr'>eam</span> <span class='ocrx_word' id='word_1_153' title='bbox 2659 2508 2791 2553; x_wconf 90' lang='lat' dir='ltr'>rem</span> 
     </span>
     <span class='ocr_line' id='line_1_20' title="bbox 461 2593 2789 2680; baseline -0 -20"><span class='ocrx_word' id='word_1_154' title='bbox 461 2596 727 2660; x_wconf 88' lang='lat' dir='ltr'>noluit“</span> <span class='ocrx_word' id='word_1_155' title='bbox 771 2616 886 2680; x_wconf 94' lang='lat' dir='ltr'>pro</span> <span class='ocrx_word' id='word_1_156' title='bbox 932 2616 1134 2679; x_wconf 89' lang='lat' dir='ltr'>„non</span> <span class='ocrx_word' id='word_1_157' title='bbox 1193 2596 1272 2660; x_wconf 91' lang='lat' dir='ltr'>ob</span> <span class='ocrx_word' id='word_1_158' title='bbox 1319 2616 1459 2659; x_wconf 88' lang='lat' dir='ltr'>eam</span> <span class='ocrx_word' id='word_1_159' title='bbox 1504 2616 1638 2660; x_wconf 90' lang='lat' dir='ltr'>rem</span> <span class='ocrx_word' id='word_1_160' title='bbox 1691 2595 1951 2660; x_wconf 87' lang='lat' dir='ltr'>voluit“</span> <span class='ocrx_word' id='word_1_161' title='bbox 1996 2594 2190 2659; x_wconf 87' lang='lat' dir='ltr'>latine</span> <span class='ocrx_word' id='word_1_162' title='bbox 2236 2593 2361 2658; x_wconf 88' lang='lat' dir='ltr'>dici</span> <span class='ocrx_word' id='word_1_163' title='bbox 2406 2614 2530 2660; x_wconf 91' lang='lat' dir='ltr'>non</span> <span class='ocrx_word' id='word_1_164' title='bbox 2576 2614 2789 2678; x_wconf 85' lang='lat' dir='ltr'>posse3</span> 
     </span>
     <span class='ocr_line' id='line_1_21' title="bbox 461 2694 2791 2786; baseline 0 -21"><span class='ocrx_word' id='word_1_165' title='bbox 461 2702 651 2767; x_wconf 89' lang='lat' dir='ltr'>immo</span> <span class='ocrx_word' id='word_1_166' title='bbox 719 2709 935 2786; x_wconf 71' lang='lat' dir='ltr'>poeta,</span> <span class='ocrx_word' id='word_1_167' title='bbox 1013 2708 1083 2766; x_wconf 92' lang='lat' dir='ltr'>ut</span> <span class='ocrx_word' id='word_1_168' title='bbox 1149 2701 1239 2766; x_wconf 90' lang='lat' dir='ltr'>ait</span> <span class='ocrx_word' id='word_1_169' title='bbox 1307 2701 1647 2783; x_wconf 89' lang='lat' dir='ltr'>Dziatzko,</span> <span class='ocrx_word' id='word_1_170' title='bbox 1726 2694 2008 2785; x_wconf 84' lang='lat' dir='ltr'>profecto</span> <span class='ocrx_word' id='word_1_171' title='bbox 2078 2703 2395 2783; x_wconf 87' lang='lat' dir='ltr'>„avarus“</span> <span class='ocrx_word' id='word_1_172' title='bbox 2464 2700 2581 2765; x_wconf 88' lang='lat' dir='ltr'>hoc</span> <span class='ocrx_word' id='word_1_173' title='bbox 2654 2701 2791 2765; x_wconf 90' lang='grc'><strong>1060</strong></span> 
     </span>
    </p>
   </div>
   <div class='ocr_carea' id='block_1_8' title="bbox 301 2807 2111 2892">
    <p class='ocr_par' dir='ltr' id='par_1_8' title="bbox 301 2807 2111 2892">
     <span class='ocr_line' id='line_1_22' title="bbox 301 2807 2111 2892; baseline 0 -21"><span class='ocrx_word' id='word_1_174' title='bbox 301 2884 308 2890; x_wconf 67' lang='lat'>,</span> <span class='ocrx_word' id='word_1_175' title='bbox 462 2808 848 2891; x_wconf 85' lang='lat' dir='ltr'>describitur,</span> <span class='ocrx_word' id='word_1_176' title='bbox 893 2815 964 2873; x_wconf 90' lang='lat' dir='ltr'>ut</span> <span class='ocrx_word' id='word_1_177' title='bbox 999 2807 1137 2892; x_wconf 88' lang='lat' dir='ltr'>jam</span> <span class='ocrx_word' id='word_1_178' title='bbox 1180 2809 1464 2879; x_wconf 84' lang='lat' dir='ltr'>Donatus</span> <span class='ocrx_word' id='word_1_179' title='bbox 1509 2808 1953 2891; x_wconf 87' lang='lat' dir='ltr'>interpretatus</span> <span class='ocrx_word' id='word_1_180' title='bbox 1998 2815 2111 2872; x_wconf 87' lang='lat' dir='ltr'>est.</span> 
     </span>
    </p>
   </div>
   <div class='ocr_carea' id='block_1_9' title="bbox 463 2930 2800 3991">
    <p class='ocr_par' dir='ltr' id='par_1_9' title="bbox 463 2930 2796 3548">
     <span class='ocr_line' id='line_1_23' title="bbox 675 2930 2789 3014; baseline 0 -19"><span class='ocrx_word' id='word_1_181' title='bbox 675 2930 803 2996; x_wconf 86' lang='lat' dir='ltr'>Sed</span> <span class='ocrx_word' id='word_1_182' title='bbox 849 2930 928 2995; x_wconf 90' lang='lat' dir='ltr'>de</span> <span class='ocrx_word' id='word_1_183' title='bbox 972 2932 1202 2995; x_wconf 90' lang='lat' dir='ltr'>lacuna</span> <span class='ocrx_word' id='word_1_184' title='bbox 1257 2931 1568 3014; x_wconf 86' lang='lat' dir='ltr'>explenda</span> <span class='ocrx_word' id='word_1_185' title='bbox 1623 2952 1750 3003; x_wconf 88' lang='lat' dir='ltr'>non</span> <span class='ocrx_word' id='word_1_186' title='bbox 1808 2930 2128 2995; x_wconf 90' lang='lat' dir='ltr'>consentio</span> <span class='ocrx_word' id='word_1_187' title='bbox 2188 2950 2329 2995; x_wconf 91' lang='lat' dir='ltr'>cum</span> <span class='ocrx_word' id='word_1_188' title='bbox 2374 2930 2789 3012; x_wconf 88' lang='lat' dir='ltr'>Dziatzkone‚</span> 
     </span>
     <span class='ocr_line' id='line_1_24' title="bbox 464 3036 2793 3121; baseline 0 -20"><span class='ocrx_word' id='word_1_189' title='bbox 464 3036 570 3119; x_wconf 88' lang='lat' dir='ltr'>qui</span> <span class='ocrx_word' id='word_1_190' title='bbox 631 3057 772 3101; x_wconf 88' lang='lat' dir='ltr'>cum</span> <span class='ocrx_word' id='word_1_191' title='bbox 824 3044 1002 3121; x_wconf 89' lang='lat' dir='ltr'>putet</span> <span class='ocrx_word' id='word_1_192' title='bbox 1045 3038 1408 3102; x_wconf 89' lang='lat' dir='ltr'>Terentium</span> <span class='ocrx_word' id='word_1_193' title='bbox 1465 3044 1611 3102; x_wconf 87' lang='lat' dir='ltr'>ante</span> <span class='ocrx_word' id='word_1_194' title='bbox 1667 3059 1726 3102; x_wconf 91' lang='lat' dir='ltr'>a.</span> <span class='ocrx_word' id='word_1_195' title='bbox 1776 3038 1907 3101; x_wconf 81' lang='lat'>594</span> <span class='ocrx_word' id='word_1_196' title='bbox 1961 3037 2243 3102; x_wconf 87' lang='lat' dir='ltr'>fabulam</span> <span class='ocrx_word' id='word_1_197' title='bbox 2298 3036 2449 3101; x_wconf 91' lang='lat' dir='ltr'>olim</span> <span class='ocrx_word' id='word_1_198' title='bbox 2507 3043 2793 3101; x_wconf 83' lang='lat' dir='ltr'>exactam</span> 
     </span>
     <span class='ocr_line' id='line_1_25' title="bbox 464 3142 2792 3226; baseline 0.001 -20"><span class='ocrx_word' id='word_1_199' title='bbox 464 3143 738 3209; x_wconf 88' lang='lat' dir='ltr'>noluisse</span> <span class='ocrx_word' id='word_1_200' title='bbox 795 3144 861 3209; x_wconf 88' lang='lat' dir='ltr'>in</span> <span class='ocrx_word' id='word_1_201' title='bbox 919 3164 1171 3210; x_wconf 86' lang='lat' dir='ltr'>scenam</span> <span class='ocrx_word' id='word_1_202' title='bbox 1228 3144 1398 3226; x_wconf 90' lang='lat' dir='ltr'>dari,</span> <span class='ocrx_word' id='word_1_203' title='bbox 1467 3151 1536 3209; x_wconf 87' lang='lat' dir='ltr'>ut</span> <span class='ocrx_word' id='word_1_204' title='bbox 1588 3144 1817 3209; x_wconf 83' lang='lat' dir='ltr'>iterum</span> <span class='ocrx_word' id='word_1_205' title='bbox 1881 3142 2209 3226; x_wconf 89' lang='lat' dir='ltr'>venderet,</span> <span class='ocrx_word' id='word_1_206' title='bbox 2282 3163 2356 3207; x_wconf 93' lang='grc'><strong>60</strong></span> <span class='ocrx_word' id='word_1_207' title='bbox 2418 3143 2557 3226; x_wconf 86' lang='grc'><strong>11180</strong></span> <span class='ocrx_word' id='word_1_208' title='bbox 2628 3163 2792 3208; x_wconf 86' lang='lat' dir='ltr'>anno</span> 
     </span>
     <span class='ocr_line' id='line_1_26' title="bbox 463 3249 2796 3335; baseline -0 -20"><span class='ocrx_word' id='word_1_209' title='bbox 463 3258 674 3316; x_wconf 90' lang='lat' dir='ltr'>autem</span> <span class='ocrx_word' id='word_1_210' title='bbox 718 3256 787 3319; x_wconf 91' lang='lat' dir='ltr'>P.</span> <span class='ocrx_word' id='word_1_211' title='bbox 837 3252 1126 3317; x_wconf 81' lang='lat' dir='ltr'>Cornelio</span> <span class='ocrx_word' id='word_1_212' title='bbox 1171 3251 1471 3335; x_wconf 84' lang='lat' dir='ltr'>Scipioni,</span> <span class='ocrx_word' id='word_1_213' title='bbox 1519 3251 1591 3315; x_wconf 90' lang='lat' dir='ltr'>L.</span> <span class='ocrx_word' id='word_1_214' title='bbox 1640 3250 1897 3316; x_wconf 88' lang='lat' dir='ltr'>Aemilii</span> <span class='ocrx_word' id='word_1_215' title='bbox 1941 3250 2121 3317; x_wconf 89' lang='lat' dir='ltr'>Pauli</span> <span class='ocrx_word' id='word_1_216' title='bbox 2167 3249 2315 3332; x_wconf 90' lang='lat' dir='ltr'>filio,</span> <span class='ocrx_word' id='word_1_217' title='bbox 2372 3256 2598 3333; x_wconf 68' lang='lat' dir='ltr'>poetae</span> <span class='ocrx_word' id='word_1_218' title='bbox 2644 3250 2796 3314; x_wconf 91' lang='lat' dir='ltr'>ami-</span> 
     </span>
     <span class='ocr_line' id='line_1_27' title="bbox 463 3355 2796 3440; baseline -0.001 -17"><span class='ocrx_word' id='word_1_219' title='bbox 463 3357 734 3440; x_wconf 80' lang='lat' dir='ltr'>cissimO,</span> <span class='ocrx_word' id='word_1_220' title='bbox 781 3379 922 3423; x_wconf 90' lang='lat' dir='ltr'>eam</span> <span class='ocrx_word' id='word_1_221' title='bbox 963 3378 1088 3423; x_wconf 91' lang='lat' dir='ltr'>non</span> <span class='ocrx_word' id='word_1_222' title='bbox 1130 3357 1490 3423; x_wconf 88' lang='lat' dir='ltr'>vendidisse</span> <span class='ocrx_word' id='word_1_223' title='bbox 1528 3357 1802 3440; x_wconf 90' lang='lat' dir='ltr'>quidem,</span> <span class='ocrx_word' id='word_1_224' title='bbox 1848 3355 1959 3421; x_wconf 89' lang='lat' dir='ltr'>sed</span> <span class='ocrx_word' id='word_1_225' title='bbox 2001 3356 2165 3424; x_wconf 88' lang='lat' dir='ltr'>ludis</span> <span class='ocrx_word' id='word_1_226' title='bbox 2205 3357 2569 3422; x_wconf 88' lang='lat' dir='ltr'>funebribus</span> <span class='ocrx_word' id='word_1_227' title='bbox 2608 3376 2796 3440; x_wconf 86' lang='lat' dir='ltr'>agen-</span> 
     </span>
     <span class='ocr_line' id='line_1_28' title="bbox 464 3462 2795 3548; baseline -0.001 -19"><span class='ocrx_word' id='word_1_228' title='bbox 464 3465 612 3529; x_wconf 86' lang='lat' dir='ltr'>dam</span> <span class='ocrx_word' id='word_1_229' title='bbox 657 3465 1034 3548; x_wconf 87' lang='lat' dir='ltr'>permisisse,</span> <span class='ocrx_word' id='word_1_230' title='bbox 1081 3465 1236 3529; x_wconf 82' lang='lat' dir='ltr'>haec</span> <span class='ocrx_word' id='word_1_231' title='bbox 1281 3464 1415 3529; x_wconf 83' lang='lat' dir='ltr'>fere</span> <span class='ocrx_word' id='word_1_232' title='bbox 1443 3470 1586 3547; x_wconf 90' lang='lat' dir='ltr'>post</span> <span class='ocrx_word' id='word_1_233' title='bbox 1614 3482 1868 3528; x_wconf 87' lang='lat' dir='ltr'>versum</span> <span class='ocrx_word' id='word_1_234' title='bbox 1901 3464 1936 3526; x_wconf 95' lang='lat'><strong>7</strong></span> <span class='ocrx_word' id='word_1_235' title='bbox 1970 3462 2205 3546; x_wconf 89' lang='lat' dir='ltr'>scripta</span> <span class='ocrx_word' id='word_1_236' title='bbox 2233 3462 2428 3527; x_wconf 86' lang='lat' dir='ltr'>fuisse</span> <span class='ocrx_word' id='word_1_237' title='bbox 2459 3462 2795 3527; x_wconf 88' lang='lat' dir='ltr'>existimat.</span> 
     </span>
    </p>

    <p class='ocr_par' dir='ltr' id='par_1_10' title="bbox 466 3584 2800 3991">
     <span class='ocr_line' id='line_1_29' title="bbox 675 3584 2799 3672; baseline -0.001 -18"><span class='ocrx_word' id='word_1_238' title='bbox 675 3588 804 3654; x_wconf 89' lang='lat' dir='ltr'>Sed</span> <span class='ocrx_word' id='word_1_239' title='bbox 847 3588 1120 3672; x_wconf 88' lang='lat' dir='ltr'>primum</span> <span class='ocrx_word' id='word_1_240' title='bbox 1164 3588 1419 3670; x_wconf 89' lang='lat' dir='ltr'>quidem</span> <span class='ocrx_word' id='word_1_241' title='bbox 1462 3588 1619 3653; x_wconf 89' lang='lat' dir='ltr'>illud</span> <span class='ocrx_word' id='word_1_242' title='bbox 1661 3607 1885 3671; x_wconf 85' lang='lat' dir='ltr'>parum</span> <span class='ocrx_word' id='word_1_243' title='bbox 1916 3586 2258 3651; x_wconf 85' lang='lat' dir='ltr'>verisimile</span> <span class='ocrx_word' id='word_1_244' title='bbox 2304 3590 2415 3667; x_wconf 89' lang='lat' dir='ltr'>est,</span> <span class='ocrx_word' id='word_1_245' title='bbox 2462 3584 2629 3651; x_wconf 86' lang='lat' dir='ltr'>ludis</span> <span class='ocrx_word' id='word_1_246' title='bbox 2672 3587 2799 3652; x_wconf 91' lang='lat' dir='ltr'>illis</span> 
     </span>
     <span class='ocr_line' id='line_1_30' title="bbox 466 3691 2799 3778; baseline 0 -20"><span class='ocrx_word' id='word_1_247' title='bbox 466 3694 846 3778; x_wconf 86' lang='lat' dir='ltr'>funebribus,</span> <span class='ocrx_word' id='word_1_248' title='bbox 882 3714 1039 3778; x_wconf 90' lang='lat' dir='ltr'>quos</span> <span class='ocrx_word' id='word_1_249' title='bbox 1069 3694 1433 3777; x_wconf 87' lang='lat' dir='ltr'>splendidos</span> <span class='ocrx_word' id='word_1_250' title='bbox 1461 3694 1658 3759; x_wconf 84' lang='lat' dir='ltr'>fuisse</span> <span class='ocrx_word' id='word_1_251' title='bbox 1688 3693 1937 3775; x_wconf 86' lang='lat' dir='ltr'>scimus,</span> <span class='ocrx_word' id='word_1_252' title='bbox 1964 3694 2033 3758; x_wconf 89' lang='lat' dir='ltr'>P.</span> <span class='ocrx_word' id='word_1_253' title='bbox 2059 3691 2416 3757; x_wconf 85' lang='lat' dir='ltr'>Cornelium</span> <span class='ocrx_word' id='word_1_254' title='bbox 2438 3691 2799 3776; x_wconf 85' lang='lat' dir='ltr'>Scipionem</span> 
     </span>
     <span class='ocr_line' id='line_1_31' title="bbox 467 3798 2797 3885; baseline 0.001 -22"><span class='ocrx_word' id='word_1_255' title='bbox 467 3800 783 3883; x_wconf 84' lang='lat' dir='ltr'>Hecyram</span> <span class='ocrx_word' id='word_1_256' title='bbox 837 3800 1153 3885; x_wconf 82' lang='lat' dir='ltr'>agendam</span> <span class='ocrx_word' id='word_1_257' title='bbox 1209 3820 1486 3884; x_wconf 87' lang='lat' dir='ltr'>curasse,</span> <span class='ocrx_word' id='word_1_258' title='bbox 1556 3800 1678 3864; x_wconf 91' lang='lat' dir='ltr'>nisi</span> <span class='ocrx_word' id='word_1_259' title='bbox 1745 3799 2026 3863; x_wconf 87' lang='lat' dir='ltr'>fabulam</span> <span class='ocrx_word' id='word_1_260' title='bbox 2092 3798 2295 3881; x_wconf 90' lang='lat' dir='ltr'>pretio</span> <span class='ocrx_word' id='word_1_261' title='bbox 2340 3817 2453 3863; x_wconf 90' lang='lat' dir='ltr'>suo</span> <span class='ocrx_word' id='word_1_262' title='bbox 2523 3799 2797 3865; x_wconf 88' lang='lat' dir='ltr'>emisset.</span> 
     </span>
     <span class='ocr_line' id='line_1_32' title="bbox 467 3900 2800 3991; baseline 0 -22"><span class='ocrx_word' id='word_1_263' title='bbox 467 3900 714 3971; x_wconf 87' lang='lat' dir='ltr'>Deinde</span> <span class='ocrx_word' id='word_1_264' title='bbox 769 3926 907 3971; x_wconf 91' lang='lat' dir='ltr'>cum</span> <span class='ocrx_word' id='word_1_265' title='bbox 952 3908 1205 3991; x_wconf 87' lang='lat' dir='ltr'>Hecyra</span> <span class='ocrx_word' id='word_1_266' title='bbox 1259 3927 1374 3973; x_wconf 87' lang='lat' dir='ltr'>sex</span> <span class='ocrx_word' id='word_1_267' title='bbox 1430 3906 1612 3971; x_wconf 88' lang='lat' dir='ltr'>annis</span> <span class='ocrx_word' id='word_1_268' title='bbox 1669 3911 1815 3970; x_wconf 89' lang='lat' dir='ltr'>ante</span> <span class='ocrx_word' id='word_1_269' title='bbox 1870 3904 2139 3988; x_wconf 86' lang='lat' dir='ltr'>primum</span> <span class='ocrx_word' id='word_1_270' title='bbox 2197 3910 2340 3968; x_wconf 85' lang='lat' dir='ltr'>acta</span> <span class='ocrx_word' id='word_1_271' title='bbox 2396 3910 2577 3986; x_wconf 89' lang='lat' dir='ltr'>esset,</span> <span class='ocrx_word' id='word_1_272' title='bbox 2648 3926 2800 3970; x_wconf 87' lang='lat' dir='ltr'>sane</span> 
     </span>
    </p>
   </div>
   <div class='ocr_carea' id='block_1_10' title="bbox 467 4009 2799 4183">
    <p class='ocr_par' dir='ltr' id='par_1_11' title="bbox 467 4009 2799 4183">
     <span class='ocr_line' id='line_1_33' title="bbox 467 4009 2799 4096; baseline -0.001 -20"><span class='ocrx_word' id='word_1_273' title='bbox 467 4012 695 4077; x_wconf 87' lang='lat' dir='ltr'>mirum</span> <span class='ocrx_word' id='word_1_274' title='bbox 749 4019 912 4096; x_wconf 89' lang='lat' dir='ltr'>erat,</span> <span class='ocrx_word' id='word_1_275' title='bbox 981 4013 1152 4095; x_wconf 88' lang='lat' dir='ltr'>quod</span> <span class='ocrx_word' id='word_1_276' title='bbox 1203 4020 1394 4096; x_wconf 70' lang='grc'><strong>1106111</strong></span> <span class='ocrx_word' id='word_1_277' title='bbox 1447 4013 1730 4077; x_wconf 81' lang='lat' dir='ltr'>fabulam</span> <span class='ocrx_word' id='word_1_278' title='bbox 1784 4017 1930 4075; x_wconf 88' lang='lat' dir='ltr'>ante</span> <span class='ocrx_word' id='word_1_279' title='bbox 1984 4009 2149 4075; x_wconf 87' lang='lat' dir='ltr'>hunc</span> <span class='ocrx_word' id='word_1_280' title='bbox 2206 4030 2441 4075; x_wconf 89' lang='lat' dir='ltr'>annum</span> <span class='ocrx_word' id='word_1_281' title='bbox 2486 4012 2619 4077; x_wconf 84' lang='lat'>594</span> <span class='ocrx_word' id='word_1_282' title='bbox 2674 4031 2799 4073; x_wconf 88' lang='lat' dir='ltr'>non</span> 
     </span>
     <span class='ocr_line' id='line_1_34' title="bbox 467 4118 770 4183; baseline 0.003 -1"><span class='ocrx_word' id='word_1_283' title='bbox 467 4118 770 4183; x_wconf 83' lang='lat' dir='ltr'>vendidit.</span> 
     </span>
    </p>
   </div>
   <div class='ocr_carea' id='block_1_11' title="bbox 469 4245 891 4253">
    <p class='ocr_par' dir='ltr' id='par_1_12' title="bbox 469 4245 891 4253">
     <span class='ocr_line' id='line_1_35' title="bbox 469 4245 891 4253; baseline 0 0"><span class='ocrx_word' id='word_1_284' title='bbox 469 4245 891 4253; x_wconf 95' lang='lat' dir='ltr'> </span> 
     </span>
    </p>
   </div>
   <div class='ocr_carea' id='block_1_12' title="bbox 683 4296 2227 4471">
    <p class='ocr_par' dir='ltr' id='par_1_13' title="bbox 683 4296 2227 4471">
     <span class='ocr_line' id='line_1_36' title="bbox 687 4296 2227 4362; baseline -0.003 -9"><span class='ocrx_word' id='word_1_285' title='bbox 687 4296 722 4361; x_wconf 88' lang='lat'>¹)</span> <span class='ocrx_word' id='word_1_286' title='bbox 791 4298 1010 4362; x_wconf 75' lang='lat' dir='ltr'>Quaest.</span> <span class='ocrx_word' id='word_1_287' title='bbox 1045 4296 1262 4350; x_wconf 84' lang='lat' dir='ltr'>Terent.</span> <span class='ocrx_word' id='word_1_288' title='bbox 1301 4296 1454 4349; x_wconf 87' lang='lat' dir='ltr'>Bonn</span> <span class='ocrx_word' id='word_1_289' title='bbox 1493 4297 1630 4351; x_wconf 84' lang='grc'><strong>1843</strong></span> <span class='ocrx_word' id='word_1_290' title='bbox 1666 4298 1897 4351; x_wconf 75' lang='lat' dir='ltr'>sentent.</span> <span class='ocrx_word' id='word_1_291' title='bbox 1933 4298 2099 4349; x_wconf 86' lang='lat' dir='ltr'>contr.</span> <span class='ocrx_word' id='word_1_292' title='bbox 2141 4296 2227 4349; x_wconf 89' lang='grc'>16.</span> 
     </span>
     <span class='ocr_line' id='line_1_37' title="bbox 683 4402 1607 4471; baseline 0.001 -14"><span class='ocrx_word' id='word_1_293' title='bbox 683 4402 722 4465; x_wconf 84' lang='lat'>²)</span> <span class='ocrx_word' id='word_1_294' title='bbox 791 4402 894 4457; x_wconf 84' lang='lat' dir='ltr'>Rh.</span> <span class='ocrx_word' id='word_1_295' title='bbox 929 4403 1170 4457; x_wconf 72' lang='lat' dir='ltr'>Huseum</span> <span class='ocrx_word' id='word_1_296' title='bbox 1207 4402 1359 4457; x_wconf 88' lang='lat' dir='ltr'><strong>XXI.</strong></span> <span class='ocrx_word' id='word_1_297' title='bbox 1395 4418 1451 4471; x_wconf 87' lang='lat' dir='ltr'>p.</span> <span class='ocrx_word' id='word_1_298' title='bbox 1485 4402 1607 4459; x_wconf 81' lang='lat'>474.</span> 
     </span>
    </p>
   </div>
  </div>
 </body>
</html>
